1715 2723
45 100 71 119 a.
92 92 141 119 Ch.
166 92 225 119 190.

450 91 574 124 LIBER
600 90 778 125 XXXVII.
804 89 895 123 CAP.
922 91 974 123 38.
1003 91 1055 123 39.

1381 84 1465 127 221

48 208 138 236 men
158 195 468 246 ingrederentur,
503 194 550 233 ab
580 193 812 233 instantibus
843 199 950 244 tergo
978 192 1124 242 aliquot
1153 188 1342 229 interfecti
1363 193 1467 227 sunt.

47 252 211 291 biduum
240 251 378 290 deinde
409 251 603 289 silentium
632 251 704 290 fuit
725 249 872 288 neutris
893 246 1265 299 transgredientibus
1285 257 1465 290 amnem;
1485 255 1506 286 5

49 309 158 348 tertio
189 313 279 359 post
297 307 357 346 die
377 307 544 347 Romani
571 307 688 345 simul
708 318 845 344 omnes
867 304 1097 355 transgressi
1117 309 1211 342 sunt
1230 308 1267 341 et
1286 302 1364 340 duo
1387 300 1464 339 mi-

46 365 94 404 lia
124 366 205 403 fere
225 370 262 403 et
282 364 514 414 quingentos
536 375 673 412 passus
693 362 739 400 ab
761 362 872 400 hoste
893 367 1112 412 posuerunt
1132 365 1265 398 castra.
1312 362 1465 396 metan-
1484 362 1505 394 6

46 421 149 460 tibus
180 425 217 459 et
236 420 450 459 muniendo
473 418 668 469 occupatis
690 418 760 456 tria
781 418 882 456 milia
903 417 1046 456 delecta
1067 416 1241 466 equitum
1268 414 1467 465 peditum-

48 489 124 528 que
147 477 345 528 regiorum
368 488 508 527 magno
530 481 678 513 terrore
690 474 911 512 actumultu
924 474 1137 518 advenere3
1159 472 1354 522 aliquanto
1366 482 1467 521 pau·
1487 484 1508 516 7

48 534 172 573 ciores
202 533 242 571 in
273 533 436 572 statione
466 537 595 577 erant3
625 530 664 568 hi
693 536 822 568 tamen
852 541 922 580 per
953 542 1005 575 se,
1034 529 1139 567 nullo
1172 543 1198 567 a
1220 527 1467 565 munimento

48 595 266 629 castrorum
297 589 412 628 milite
443 593 613 633 avocato,
645 592 682 625 et
706 586 834 636 primo
866 597 1034 636 aequum
1055 584 1247 635 proelium
1269 583 1468 622 sustinue-

48 652 152 693 runt,
183 651 220 684 et
240 652 434 684 crescente
456 643 664 682 certamine
684 642 920 693 pepulerunt
940 641 1060 679 hostis
1083 645 1241 678 centum
1263 652 1309 677 ex
1328 639 1374 677 iis
1398 651 1468 677 oc-

49 703 148 749 cisis,
178 707 334 740 centum
361 703 483 739 ferme
515 700 646 750 captis.
686 711 757 750 per
788 698 1050 749 quadriduum
1077 697 1289 746 insequens
1318 696 1467 734 instru-
1487 711 1508 743 3

48 765 129 797 ctae
153 758 348 807 utrimque
371 757 471 795 acies
492 768 564 806 pro
587 755 683 794 vallo
705 761 863 801 stetere3
885 754 1020 805 quinto
1042 753 1102 791 die
1125 752 1291 792 Romani
1304 763 1468 802 proces-

48 826 133 853 sere
161 814 202 865 in
230 813 402 852 medium
434 813 581 863 campi;
612 811 828 850 Antiochus
860 811 954 849 nihil
981 809 1179 861 promovit
1208 809 1328 859 signa,
1354 808 1404 846 ita
1426 814 1470 846 ut
1487 818 1507 849 9

47 870 210 909 extremi
243 870 371 908 minus
402 870 504 907 mille
534 869 653 920 pedes
679 881 699 906 a
731 868 828 906 vallo
862 867 1052 906 abessent.

161 926 306 965 Consul
333 933 541 977 postquam
568 924 768 964 detractari
796 930 991 962 certamen
1022 923 1124 969 vidit,
1156 926 1313 973 postero
1336 920 1396 959 die
1427 920 1468 958 in
1488 923 1548 964 39

48 983 253 1022 consilium
273 982 483 1029 advocavit,
515 982 607 1032 quid
629 981 703 1020 sibi
725 981 944 1019 faciendum
967 985 1077 1026 esset,
1098 979 1130 1017 si
1152 978 1367 1017 Antiochus
1390 989 1468 1028 pu-

49 1039 192 1090 gnandi
218 1039 367 1089 copiam
399 1051 480 1077 non
511 1036 684 1076 faceret?
710 1037 853 1076 instare
883 1037 1073 1082 hiemem,
1105 1041 1170 1074 aut
1200 1034 1272 1073 sub
1303 1033 1469 1085 pellibus
1489 1042 1509 1073 2

49 1095 248 1134 habendos
279 1095 414 1134 milites
436 1098 531 1141 fore,
563 1101 639 1141 aut,
671 1094 702 1133 si
724 1093 938 1132 concedere
958 1093 998 1131 in
1023 1092 1183 1130 hiberna
1204 1091 1325 1138 vellet,
1355 1090 1469 1129 diffe-

47 1152 215 1191 rendum
245 1164 328 1190 esse
358 1152 397 1190 in
427 1157 608 1189 aestatem
638 1150 792 1189 bellum.
833 1150 984 1188 nullum
1008 1160 1194 1199 umquam
1215 1148 1368 1186 hostem
1386 1147 1469 1185 Ro-
1489 1156 1509 1188 3

49 1208 153 1247 mani
182 1220 303 1259 aeque
335 1213 665 1258 contempserunt.
710 1207 995 1245 conclamatum
1017 1205 1191 1255 undique
1212 1210 1281 1250 est,
1312 1204 1472 1242 duceret

48 1265 240 1315 extemplo
266 1271 303 1303 et
327 1270 501 1302 uteretur
523 1264 662 1302 ardore
685 1263 860 1309 militum,
883 1263 960 1313 qui,
982 1268 1274 1312 tanlquamnon
1286 1271 1470 1311 pugnan-
1488 1270 1510 1303 4

48 1321 143 1360 dum
171 1333 261 1359 cum
283 1326 339 1359 tot
360 1320 514 1359 milibus
536 1320 718 1366 hostiurn,
748 1319 815 1358 sed
838 1331 907 1369 par
927 1330 1118 1356 numerus
1140 1329 1329 1367 pecorum
1351 1316 1471 1355 truci-

47 1433 162 1453 norum
185 1425 246 1453 etc.
271 1431 296 1452 s.
327 1422 380 1460 35,
408 1423 462 1460 27,
489 1421 518 1453 3.
537 1438 580 1442 --
604 1423 724 1461 aliquot

48 1467 93 1499 ist
140 1466 407 1498 beschr‘zinkende
444 1465 639 1508 Apposition
682 1477 722 1497 zu

47 1514 130 1554 φορὴ·
169 1522 229 1544 nur
265 1511 298 1543 in
331 1512 440 1553 Bezug
475 1510 535 1543 auf
563 1513 724 1553 interfecti

47 1565 143 1596 sunm
190 1557 241 1589 die
285 1557 422 1598 iibrigen
461 1557 721 1598 Bestimlnungen

40 1604 128 1643 fessi
171 1621 200 1624 ——
249 1605 406 1643 inqreder.
452 1602 609 1634 beziehen
652 1602 723 1634 sich

50 1647 110 1679 auf
130 1648 196 1679 alle
221 1661 266 1674 =
289 1659 326 1680 ex
343 1650 458 1688 reqiis,
490 1650 549 1688 qui
570 1649 658 1688 fessi
680 1666 722 1669 —

49 1700 239 1725 conaremur
259 1697 334 1730 etc.,
366 1693 431 1733 vgl.
460 1694 513 1733 21,
534 1694 587 1733 24,
606 1695 644 1733 23
666 1694 721 1733 32,

54 1741 106 1777 16,
137 1740 194 1777 113
219 1740 273 1776 36,
300 1740 354 1778 33,
384 1741 414 1771 4*

97 1786 193 1817 5—9.
218 1787 307 1816 tertio
329 1793 362 1822 p.
389 1786 438 1823 ὠ,
464 1794 489 1815 s,
516 1785 578 1821 42,
607 1785 659 1823 37,
689 1785 724 1823 13

51 1828 116 1861 Cic.
142 1828 250 1861 Flacc.
277 1830 330 1869 23,
359 1831 418 1862 56:
444 1832 550 1861 multis
569 1836 642 1868 post
665 1840 723 1860 an-

49 1877 120 1911 m'⁸;
160 1875 240 1906 aber
275 1885 301 1906 c.
340 1876 402 1913 12,
445 1876 482 1907 9:
527 1876 634 1906 diebus
651 1880 726 1914 post

41 1922 168 1960 paucis,
193 1920 258 1961 Vgl.
285 1921 338 1959 35,
368 1922 422 1959 26,
450 1923 485 1959 5;
518 1921 574 1959 33,
602 1922 658 1959 44,
684 1921 723 1959 2;

50 1968 82 2006 7,
112 1967 143 2005 2,
170 1967 200 2005 8,
228 1964 266 1997 Η.
297 1967 372 1998 317.
397 1984 440 1987 —
465 1972 591 1998 metant.
608 1983 652 1987 —
676 1977 723 1997 oc-

48 2013 181 2050 cupatis,
208 2011 266 2043 das
283 2011 437 2043 Letztere
458 2012 516 2042 der
535 2011 725 2051 Bedeutung

49 2057 105 2088 des
125 2056 262 2088 wortes
288 2067 403 2097 wegen
423 2057 494 2088 dem
512 2060 595 2098 part.
618 2066 722 2098 praes.

48 2102 312 2144 gleichgestellt,
339 2102 411 2133 sind
432 2102 498 2133 wol
523 2101 600 2133 abll.
626 2102 724 2141 abss.,

48 2158 73 2179 s.
100 2158 127 2179 c.
156 2149 215 2186 12,
243 2149 280 2188 3;
313 2149 639 2187 34,33,11;25,
668 2149 723 2187 41,

49 2195 91 2232 2,
125 2195 163 2232 9,
195 2195 231 2230 5,
266 2195 321 2226 11:
347 2195 421 2225 leaeo
436 2195 655 2234 frementibus
679 2211 724 2214 —

49 2242 195 2278 advem't;
217 2238 362 2279 dagegeu
394 2240 425 2277 9,
453 2241 506 2277 33,
537 2240 562 2271 1.
590 2255 632 2260 ——
657 2241 722 2270 mil.

49 2287 118 2323 del„
147 2286 201 2323 44,
229 2285 281 2322 35,
306 2286 362 2319 14:
389 2294 414 2315 e.
438 2285 487 2323 18,
511 2285 725 2325 7.—-maqno

48 2336 136 2371 teron,
161 2330 221 2361 deu
248 2328 294 2361 sic
320 2339 456 2369 eri-egen
482 2329 616 2369 wollen,
645 2329 723 2360 dro—

49 2375 142 2407 hend.
168 2393 212 2397 —
240 2377 375 2407 tumultu
406 2374 469 2406 wie
505 2373 525 2416 ξ
560 2376 577 2407 3
607 2377 725 2406 tumul-

51 2427 153 2459 mose,
195 2425 293 2451 unter
328 2420 437 2451 Liirm.
471 2438 502 2441 -
539 2424 722 2453 munimem.

50 2465 93 2497 ist
126 2465 197 2497 hier
229 2466 285 2497 das
317 2466 465 2506 Anlegeu
501 2466 558 2497 der
584 2464 725 2497 Befesti-

51 2522 138 2552 gung
162 2511 226 2543 wie
255 2512 374 2543 vorher
395 2514 573 2544 nennieudo.
591 2529 632 2533 —
648 2520 722 2544 cem.

792 1426 935 1460 ——cenc.‚
961 1418 1028 1459 vgl.
1049 1420 1103 1457 21,
1132 1419 1184 1457 54,
1211 1420 1249 1452 4:
1277 1420 1361 1450 mille
1379 1419 1472 1458 equi-

790 1468 873 1498 tibus
890 1484 923 1488 —-
943 1467 1028 1496 mille
1044 1466 1213 1504 peditibus.
1231 1482 1277 1486 —
1295 1465 1406 1505 quinto
1427 1464 1471 1502 d.,

791 1511 873 1553 App,
901 1512 959 1544 30:
994 1511 1036 1556 τῇ
1066 1512 1217 1555 πέμπτῃ
1244 1506 1263 1542 ὁ
1289 1511 1472 1555 Δομίτιος

792 1557 955 1596 ἐξέτασσε
980 1558 1091 1592 αὐθις
1118 1557 1178 1587 καὶ
1206 1556 1376 1597 ἐπέβαινε
1409 1563 1472 1586 σο·-

791 1602 920 1649 βαρῶς.
948 1620 990 1624 -
1016 1603 1117 1640 mille,
1152 1611 1212 1632 nur
1235 1600 1386 1639 tausend,
1416 1601 1470 1639 36,

792 1651 857 1685 40,
897 1650 934 1680 5:
978 1655 1085 1688 sene33
1131 1646 1215 1677 doch
1247 1645 1376 1677 scheint
1412 1645 1473 1676 der

792 1693 895 1724 Raum
931 1690 983 1723 ffir
1019 1691 1113 1724 beide
1138 1691 1258 1733 Heere,
1295 1700 1393 1722 wenn
1419 1689 1473 1721 die

793 1738 912 1770 Romer
937 1747 995 1769 aus
1022 1737 1126 1768 ihrem
1153 1736 1260 1778 Lager
1288 1738 1307 1776 ξ
1337 1739 1355 1769 5
1381 1739 1472 1767 etwa

797 1785 882 1817 1200
900 1783 1046 1815 Schritte
1069 1783 1282 1822 vorriickten,
1309 1782 1387 1813 sehr
1411 1781 1471 1812 be·-

792 1829 961 1860 schriinkt.

840 1872 908 1910 39.
954 1876 1049 1907 1-3.
1085 1876 1119 1905 in
1151 1885 1234 1905 cons.
1259 1875 1342 1913 adv.,
1368 1883 1400 1903 n.
1425 1875 1471 1903 le·-

791 1927 892 1962 9atos,
919 1921 1063 1951 tribunos
1075 1923 1149 1959 etc.‚
1178 1919 1243 1960 vgl.
1265 1920 1318 1958 36,
1350 1920 1406 1959 21,
1432 1919 1472 1950 7:

794 1968 828 1997 in
851 1972 992 1997 senatum
1015 1976 1146 2003 voeare;
1169 1975 1234 1995 von
1260 1965 1331 1996 dem
1357 1964 1389 1995 in
1415 1966 1471 1995 ad-

792 2022 902 2043 vocare
926 2014 961 2042 in
984 2022 1067 2042 cons.
1089 2011 1329 2051 angedeuteten
1345 2008 1475 2050 Begriff

793 2057 848 2088 des
866 2057 1058 2095 Berathens,
1076 2055 1252 2097 Befragens
1269 2056 1375 2096 hiingt
1391 2055 1474 2095 quid

793 2106 854 2134 etc.
881 2102 935 2135 ab.
960 2119 1006 2124 —-
1029 2104 1179 2143 hiberna,
1217 2112 1244 2133 c.
1272 2103 1333 2142 37,
1369 2103 1399 2134 5.
1425 2118 1471 2122 —

792 2151 915 2180 nullum
951 2166 977 2169 —-
1010 2153 1186 2186 contemps„
1214 2148 1297 2178 ohne
1323 2145 1470 2178 Verbin-

796 2193 883 2234 dung
923 2193 1125 2233 eingesetzte
1165 2193 1370 2232 Bemerkung
1413 2191 1471 2222 des

794 2238 1042 2277 Erz'ahlenden,
1079 2238 1131 2270 die
1167 2239 1228 2270 den
1266 2237 1379 2269 Grund
1414 2237 1470 2268 des

792 2284 992 2325 Folgenden,
1021 2294 1073 2315 uin
1105 2283 1157 2315 die
1183 2282 1470 2324 augenblickliche

793 2329 941 2370 Fassung
979 2329 1149 2361 desselben
1185 2340 1223 2360 zu
1256 2328 1469 2367 bezeichnen,

794 2374 955 2407 ebensalls
994 2377 1077 2406 ohne
1113 2374 1328 2415 Verbindung
1367 2383 1471 2413 auge-

794 2420 908 2461 fiigteu
934 2421 1143 2452 Beschlusses
1170 2420 1318 2460 enthiilt,
1359 2430 1384 2452 S.
1414 2421 1469 2457 40,

795 2469 824 2503 7,
853 2468 870 2499 7
897 2478 927 2497 u.
955 2477 983 2498 a.
1009 2485 1052 2489 —
1082 2468 1301 2505 trucidandus,
1331 2467 1384 2503 25,
1418 2466 1470 2504 16,

799 2514 847 2545 19.
