1715 2723
565 120 688 153 LIBER
706 120 869 154 XXXIV.
895 122 989 154 (IAP.
1009 123 1040 154 7.
1422 124 1502 164 283

97 140 123 156 a.
139 131 190 156 Ch.
207 130 266 155 195.

96 224 326 264 muliebrem
347 224 586 275 appellarunt
608 222 774 262 maiores
795 223 931 262 nostri.
964 223 1055 274 quid
1076 224 1177 263 aliud
1200 225 1239 263 in
1260 225 1365 264 luctu
1386 237 1502 276 quam

94 293 308 333 purpuram
322 285 437 332 atque
454 292 593 319 aurum
607 277 838 330 deponunt?
854 279 960 330 quid,
977 292 1066 317 cum
1082 280 1296 327 eluxerunt,
1312 280 1502 320 sumunt?

93 337 185 388 quid
199 337 238 375 in
252 336 572 388 gratulationibus
586 334 1007 386 supplicationibusque
1024 335 1096 374 nisi
1111 337 1422 377 excellentiorem
1438 350 1505 376 or-

92 398 229 432 natum
251 391 452 432 adiciunt?
473 392 628 436 scilicet,
651 391 681 430 si
703 391 826 442 legem
845 391 1008 442 Oppiam
1025 391 1264 442 abrogaritis,
1288 405 1368 432 non
1384 394 1503 433 vestri

93 449 241 488 arbitrii
263 450 354 494 erit,
384 450 414 487 si
437 449 528 500 quid
551 448 631 486 eius
651 452 777 486 vetare
799 447 1016 493 volueritis,
1047 449 1152 498 quod
1174 460 1278 487 nunc
1298 449 1356 488 lex
1378 455 1500 495 veta&

92 505 222 544 minus
243 505 341 544 filiae
362 517 502 544 uxores
524 516 676 543 sorores
697 504 813 543 etiam
836 504 1066 555 quibusdam
1088 504 1127 542 in
1148 516 1267 543 manu
1287 511 1417 551 erunt3
1448 529 1503 533 —

92 574 308 613 numquam
330 561 442 601 salvis
463 561 542 599 suis
564 560 718 599 exuitur
738 560 901 599 servitus
923 560 1142 607 muliebris3
1164 565 1203 599 et
1224 561 1328 611 ipsae
1343 561 1500 601 liberta-

91 623 185 665 tem,
210 630 326 669 quam
347 617 509 656 viduitas
531 621 568 655 et
590 616 733 655 orbitas
754 616 862 661 facit,
885 617 1137 655 detestantur.
1175 617 1215 655 in
1242 622 1370 655 vestro
1398 617 1500 656 arbi-

91 674 165 712 trio
187 687 303 712 suum
326 678 506 712 ornatum
528 685 645 724 quam
662 672 702 710 in
723 673 813 724 legis
835 673 984 711 malunt
1005 685 1110 716 esse:
1135 677 1172 711 et
1188 685 1254 711 vos
1272 673 1310 710 in
1327 685 1446 712 manu
1462 679 1502 712 et

91 730 211 769 tutela
232 741 311 768 non
333 730 370 768 in
392 729 546 768 servitio
569 729 715 768 debetis
737 729 878 767 habere
899 742 962 768 eas
984 734 1022 767 et
1044 728 1156 767 malle
1177 734 1305 780 patres
1338 742 1405 768 vos
1436 736 1501 768 aut

91 786 192 825 viros
220 799 336 837 quam
364 787 542 825 dominos
572 785 657 824 dici.
700 785 899 824 invidiosis
927 785 1150 824 nominibus
1171 786 1353 824 utebatur
1380 786 1499 824 modo

93 843 227 881 consul
245 843 475 881 seditionem
493 841 722 880 muliebrem
740 847 777 880 et
792 842 1051 880 secessionem
1069 841 1309 893 appellando.
1342 842 1379 879 id
1396 842 1499 880 enim

91 899 305 950 periculum
326 904 404 943 est,
436 911 484 937 ne
514 899 674 936 Sacrum
705 903 897 942 montem,
929 898 1028 937 sicut
1048 899 1243 948 quondam
1264 898 1359 937 irata
1378 898 1498 949 plebs,

91 960 158 994 aut
179 955 412 993 Aventinum
434 955 603 1006 capiant:
625 978 681 981 —
701 954 925 1006 patiendum
947 954 1037 993 huic
1052 954 1268 993 infirmitati
1285 960 1355 1000 est,
1374 955 1501 1005 quod-

90 1023 258 1062 cumque
279 1024 346 1049 vos
368 1011 604 1050 censueritis.
646 1023 723 1062 quo
744 1011 830 1062 plus
851 1010 1026 1062 potestis,
1050 1024 1095 1048 eo
1119 1011 1356 1049 moderatius
1373 1010 1499 1062 impe-

90 1068 148 1106 rio
169 1068 225 1106 uti
246 1067 435 1106 debetis.“

90 1145 153 1175 den
163 1149 312 1181 ornatus,
322 1150 514 1176 ornamenta
530 1144 679 1184 umfasst,
688 1146 756 1185 vgl.

91 1189 144 1231 32,
162 1189 216 1228 40,
237 1190 288 1226 11,
307 1190 427 1221 anders
446 1189 497 1220 bei
516 1190 578 1220 den
596 1190 756 1228 Juristen,

88 1245 126 1266 so
143 1234 270 1275 Digest.
291 1235 342 1276 34,
362 1235 391 1273 2,
411 1235 464 1273 25,
486 1234 540 1265 10:
559 1238 758 1266 ornamenta

89 1279 268 1311 muliebria
281 1282 370 1318 sunt,
388 1281 508 1321 quibus
520 1279 644 1311 mulier
656 1290 757 1311 orna-

90 1328 163 1366 tur,
194 1325 310 1356 veluti:
339 1326 478 1356 inaures
505 1324 660 1356 armillae
681 1344 703 1347 —
725 1327 757 1356 et

93 1371 218 1410 omnia,
243 1380 326 1411 quae
349 1369 395 1400 ad
416 1369 519 1400 aliam.
543 1380 612 1401 rem
632 1369 756 1401 nullam

87 1417 261 1458 parantur
273 1416 343 1446 nise·
353 1417 506 1457 corporis
519 1414 665 1447 ornandi
679 1425 758 1446 cazc-

89 1470 140 1497 sa,
158 1470 220 1502 quo
238 1471 283 1491 em
295 1471 436 1492 numero
450 1461 553 1491 etiam
566 1461 647 1492 haec
660 1463 757 1491 sunt:

91 1515 214 1537 aarum
236 1516 394 1547 gemmae
417 1505 531 1548 lapilli.
551 1524 593 1528 —
610 1504 757 1536 mundus

90 1550 266 1581 muliebris
284 1553 348 1591 est,
373 1560 436 1591 quo
453 1551 577 1582 mulier
599 1550 759 1582 7711172dz'07·

93 1596 152 1637 fit?
171 1597 387 1627 continentur
403 1606 440 1626 eo
458 1595 593 1637 specula
610 1595 757 1626 matulae

90 1643 267 1682 unguenta
291 1645 365 1674 etc..
391 1651 418 1671 s.
443 1640 567 1671 Becker
585 1638 702 1671 Gallus
728 1640 758 1678 3,

94 1688 177 1723 1953
209 1685 346 1716 Hermes
374 1686 406 1724 1,
431 1686 506 1716 345.
531 1703 574 1707 -
603 1684 683 1726 quid
703 1685 760 1723 al„

92 1730 166 1761 hier
189 1730 342 1771 faciunt,
369 1730 434 1770 vgl.
453 1741 480 1761 r.
502 1730 539 1770 2,
561 1730 617 1768 12,
642 1741 682 1761 zu
706 1740 761 1761 er-

92 1776 218 1816 giinzen
244 1776 286 1806 ist
311 1775 399 1807 nicht
424 1775 649 1816 nothwendig,
676 1785 702 1805 s.
729 1776 759 1813 2,

95 1820 157 1860 29,
174 1821 204 1851 4.
223 1839 267 1842 *-
283 1830 382 1863 purp.
401 1830 432 1851 α.
451 1830 495 1859 (L,
518 1831 544 1851 s.
563 1820 703 1851 Servius
721 1831 760 1850 zu

92 1865 196 1905 Verg.
216 1865 297 1896 Aen.
319 1865 348 1904 3,
368 1865 426 1896 64:
447 1864 526 1896 Cato
543 1867 592 1896 ait
609 1865 762 1907 deposita

95 1913 184 1942 ‘veste
195 1920 372 1953 purpurea
385 1911 536 1952 seminas
550 1921 630 1942 usas
643 1920 762 1941 eaeru-

92 1955 156 1995 Iea,
175 1966 248 1987 οιιηι
267 1955 433 1996 lugerent,
452 1956 517 1996 vgl.
532 1956 626 1986 Dion.
642 1955 715 1987 Hal.
731 1955 760 1993 S,

96 2000 150 2030 62.
184 1999 366 2039 Uebrigens
391 2001 512 2031 konnte
531 2001 638 2031 dieses
663 2005 760 2031 unter

96 2045 159 2075 den
182 2045 365 2085 damaligen
392 2045 607 2082 Uiusti‘inden,
635 2045 675 2076 da
698 2046 760 2076 (len

95 2089 225 2121 Frauen
241 2090 300 2120 der
314 2089 441 2131 Purpur
456 2090 545 2122 nicht
559 2090 689 2122 erlaubt
707 2090 761 2130 ist,

97 2135 187 2166 nicht
200 2139 316 2174 gesagt
329 2135 474 2165 werden.
485 2138 625 2177 —grat.
639 2135 762 2178 suppl„

97 2190 124 2210 s.
145 2180 175 2219 8,
195 2180 247 2213 33,
267 2180 319 2209 20.
340 2197 382 2201 —
398 2179 559 2218 adiciunt,
581 2181 631 2219 10,
650 2181 679 2221 7,
698 2183 727 2211 9.

147 2225 276 2255 11-15.
304 2224 362 2255 Die
388 2223 512 2256 Gefahr
541 2226 585 2257 ist
614 2225 703 2256 nicht
726 2236 761 2256 so

98 2280 206 2310 gross.
224 2288 262 2291 —
278 2269 414 2308 scilieet,
432 2269 538 2301 lronie
556 2270 695 2301 vertritt
712 2270 762 2301 die

99 2314 204 2345 Stelle
217 2314 275 2345 der
289 2314 531 2355 &Viderlegung
544 2316 599 2346 des
614 2326 641 2345 c.
658 2315 688 2356 2,
705 2315 738 2346 11
754 2327 761 2353 ς

98 2361 130 2398 4,
152 2360 190 2390 19
205 2358 371 2400 Gesagten
389 2360 492 2391 durch
507 2359 651 2391 Griinde.
669 2378 710 2382 —
729 2361 761 2391 in

98 2414 217 2440 mmm,
244 2415 270 2435 s.
289 2416 305 2435 c
339 2404 373 2445 2,
396 2406 428 2436 11
444 2430 451 2442 ,
477 2410 560 2436 statt
585 2405 675 2436 eines
693 2404 763 2435 Ad-

96 2448 377 2489 jectivbegriffes,
396 2451 498 2482 daher
514 2452 644 2489 volnus,
663 2461 688 2480 s.
709 2450 762 2488 31,

103 2495 153 2535 15,
177 2495 184 2524 l
200 2505 207 2533 ;
226 2495 284 2525 der
302 2493 456 2526 Gedanke
474 2496 517 2527 ist
537 2496 681 2526 ironisch
699 2495 762 2525 wie

100 2539 160 2570 dex·
182 2540 378 2580 vorhergeh.
398 2541 461 2572 und
485 2541 548 2572 soll
572 2541 681 2571 diesen
708 2540 764 2570 be-

831 1145 990 1185 griinden.
1013 1163 1057 1166 ——
1082 1147 1173 1183 suis,
1199 1145 1250 1175 die
1275 1156 1302 1177 c.
1322 1145 1357 1185 2,
1380 1145 1416 1176 11
1443 1155 1500 1185 ge-

831 1194 984 1221 nannten.
998 1207 1042 1212 —
1055 1191 1213 1227 servitur,
1227 1189 1502 1221 iibertreibender

831 1235 1009 1266 Ausdruck
1043 1233 1096 1265 fiir
1130 1236 1162 1265 [η
1197 1245 1298 1265 manu
1328 1237 1361 1265 et
1393 1234 1501 1266 tutela

831 1291 916 1318 esse,
933 1278 954 1320 ξ
972 1280 1026 1317 133
1045 1279 1112 1320 vgl.
1128 1289 1168 1309 zu
1187 1279 1218 1317 3,
1232 1280 1286 1318 45,
1301 1279 1337 1317 43
1355 1280 1501 1310 darnach

831 1325 877 1356 ist
904 1324 1046 1356 libertas
1075 1335 1115 1355 zu
1145 1324 1317 1363 erklaren3
1348 1324 1500 1365 obgleich

832 1370 915 1401 auch
946 1370 1028 1400 nach
1056 1370 1128 1400 dem
1151 1368 1242 1400 Tode
1272 1370 1331 1400 der
1362 1369 1499 1400 Miinner

832 1415 897 1446 und
925 1414 1033 1446 V'ziter
1062 1415 1115 1446 die
1148 1414 1255 1445 tutela
1282 1415 1341 1445 der
1371 1414 1499 1445 Frauen

831 1458 1057 1497 fortdauerte,
1082 1470 1107 1490 s.
1134 1459 1192 1500 39,
1213 1460 1270 1499 19,
1290 1460 1328 1496 ὃς
1356 1458 1459 1491 Gaius
1479 1459 1500 1499 1,

834 1505 912 1536 157:
938 1504 1018 1535 olim
1040 1504 1190 1545 quidem,
1214 1507 1376 1546 quantum
1394 1504 1440 1536 ad
1454 1504 1500 1536 le-

828 1561 907 1592 gem
927 1549 998 1581 Ml
1017 1549 1212 1581 tabularum
1234 1551 1374 1589 attinet,
1397 1551 1501 1581 etiam

831 1595 984 1636 feminae
1000 1597 1146 1635 agnatos
1167 1595 1333 1625 habebant
1357 1597 1500 1631 tutores,

833 1650 868 1670 so
888 1639 1108 1670 vex-walteten
1127 1640 1174 1670 sie
1192 1639 1274 1669 doeh
1291 1639 1344 1670 ihr
1361 1639 1501 1671 Vermli-

832 1694 894 1725 gen
912 1685 975 1715 und
990 1694 1103 1715 waren
1122 1684 1205 1715 auch
1218 1688 1311 1715 sonst
1329 1682 1433 1715 freier
1444 1694 1501 1724 ge-

833 1730 944 1771 stellt,
968 1728 1049 1760 Rein
1067 1728 1214 1760 Privatr.
1235 1730 1315 1767 3723
1333 1730 1397 1760 540
1407 1729 1440 1760 ff.
1458 1748 1500 1751 ψ

834 1777 956 1814 vestro,
974 1775 1033 1805 der
1051 1774 1221 1818 einzelnen
1236 1773 1388 1805 Miiuner.
1408 1792 1450 1796 —
1468 1777 1499 1805 ι’νι

834 1830 935 1851 mann
963 1820 1089 1850 scheiut
1112 1819 1184 1851 hier
1202 1819 1339 1861 speciell
1357 1830 1422 1850 von
1439 1819 1500 1850 den

834 1864 962 1896 Frauen
994 1869 1128 1905 gesagt,
1158 1864 1210 1895 die
1238 1864 1310 1895 eine
1334 1863 1402 1895 Ehe
1432 1864 1500 1895 ein-

835 1920 1003 1951 gegangen
1033 1919 1162 1949 waren,
1192 1910 1316 1941 welche
1346 1909 1398 1940 die
1426 1919 1502 1940 con-

837 1957 943 1986 ventio
973 1957 1005 1986 in
1030 1965 1167 1986 manum
1193 1966 1233 1985 zu
1257 1954 1360 1995 Folge
1390 1955 1499 1989 hatte;

835 2000 942 2032 tutela
965 2000 1009 2031 ist
1031 2000 1139 2031 davon
1162 2000 1213 2031 die
1231 1999 1349 2040 Folge,
1374 2010 1400 2030 s.
1425 2010 1452 2030 c.
1471 2000 1501 2035 2,

837 2046 888 2077 10.
907 2064 948 2067 —-
967 2046 1122 2083 servitio,
1145 2044 1166 2086 ξ
1188 2046 1222 2075 11
1243 2046 1406 2085 servitus,
1431 2045 1500 2083 der,

835 2090 980 2121 welcher
1004 2090 1035 2121 in
1059 2090 1130 2121 dem
1155 2089 1304 2121 Zustand
1327 2090 1385 2120 der
1409 2089 1501 2120 Scla-

836 2135 928 2166 verei
953 2135 1022 2166 sich
1046 2135 1204 2173 befindet,
1228 2135 1272 2165 ist
1290 2145 1353 2165 von
1378 2134 1498 2165 demin

835 2181 940 2212 tutela
955 2181 1134 2212 stehenden
1148 2181 1268 2211 ebenso
1284 2179 1500 2211 verschieden

835 2225 898 2257 wic
923 2226 981 2257 dcr
1002 2225 1159 2257 dominas
1182 2236 1245 2255 von
1276 2225 1347 2255 dem
1372 2223 1501 2261 Manna,

835 2271 893 2301 der
923 2271 996 2302 eine
1021 2271 1108 2302 Frau
1138 2272 1171 2300 in
1196 2280 1297 2301 ηιαηα
1326 2269 1390 2299 und
1420 2269 1501 2300 iiber

835 2316 984 2347 dieselbe
1008 2316 1062 2347 ein
1084 2317 1263 2357 imperium
1293 2315 1362 2345 hat.
1385 2332 1429 2336 -
1452 2316 1502 2345 in-

835 2360 910 2399 vid,
936 2372 963 2392 s.
988 2363 1023 2401 9,
1050 2361 1107 2400 29,
1133 2360 1163 2391 7.
1187 2378 1229 2382 ——-
1252 2359 1287 2390 id
1308 2361 1413 2398 enlm,
1438 2360 1501 2389 wie

834 2405 855 2447 ξ
871 2407 880 2436 l
894 2407 904 2436 l
918 2418 924 2436 τ
938 2405 1253 2440 scz'le'eet,i1·onische
1264 2404 1503 2445 Widerleguug

835 2461 899 2481 von
923 2462 949 2481 c.
971 2451 1007 2491 2,
1026 2451 1056 2481 7.
1081 2469 1120 2472 —
1142 2448 1305 2492 patriensi„
1330 2449 1409 2480 weit
1431 2454 1503 2480 ent-

835 2495 941 2527 rernt.
971 2495 1048 2526 dass
1077 2495 1125 2525 sic
1154 2495 1331 2525 herrschen
1362 2493 1501 2532 konnen,

836 2541 966 2571 m'ussen
986 2541 1034 2571 sie
1051 2551 1081 2571 u.
1101 2550 1126 2569 ε.
1146 2549 1187 2570 w.

1535 231 1574 264 10

1535 401 1571 433 11

1532 569 1572 602 12

1533 624 1573 656 13

1533 795 1572 826 14

1533 964 1571 995 15
