1715 2723
92 142 117 159 a.
135 133 186 160 ch.
202 133 261 157 196.

509 123 633 156 LIBER
650 123 807 157 XXXIII.
835 124 926 156 CAP.
944 125 997 157 28.
1017 125 1069 157 29.

1415 126 1498 165 229

94 233 133 267 et
154 227 267 265 adicit
294 239 315 265 a
335 226 537 265 Pisistrato
560 226 605 265 de
634 239 675 265 re
696 238 836 277 magno
867 238 982 277 opere
1010 227 1228 277 pertinente
1257 226 1302 265 ad
1332 226 1497 278 Zeuxip—

91 295 187 336 pum
209 295 304 321 esse.
346 282 578 322 conscientia
599 283 710 329 ictus,
734 296 823 322 cum
845 282 1038 333 externplo
1069 283 1303 321 traditurum
1338 296 1401 322 eas
1430 284 1497 322 ad-
1531 291 1571 322 14

92 340 302 385 firmasset,
331 339 473 390 aperit,
505 339 762 390 perlectisque
788 339 926 377 litteris
947 338 1106 389 pavidus
1127 339 1279 378 Thebas
1300 339 1440 391 refugit
1462 344 1500 378 et

93 396 140 435 ad
160 394 407 446 magistratus
428 395 609 434 indicium
633 395 767 434 defert.
803 400 842 434 et
863 395 1080 445 Zeuxippus
1102 395 1257 445 quidem
1290 396 1379 446 fuga
1400 395 1500 435 servi

92 456 223 491 motus
244 451 534 497 Anthedonem,
564 451 749 490 tutiorem
772 451 883 490 exilio
906 451 1034 489 locum
1055 456 1181 496 ratus,
1213 451 1423 498 concessit3

1452 452 1499 490 de

90 508 296 546 Pisistrato
320 507 479 558 aliisque
514 507 759 558 quaestiones
794 507 1002 546 tormentis
1035 507 1188 546 habitae
1222 511 1261 545 et
1295 514 1498 559 sumptum

90 564 324 616 supplicium
346 568 415 602 cst.

1531 459 1570 490 15

203 620 382 658 Efferavit
402 631 444 658 ea
467 619 599 658 caedes
620 619 826 657 Thebanos
844 619 1088 670 Boeotosque
1117 619 1243 657 omnis
1272 619 1318 657 ad
1340 631 1496 657 execra-
1515 621 1569 660 29

88 676 164 715 bile
186 676 318 714 odium
340 677 619 721 Romanorum,
642 675 833 714 credentis
853 687 933 714 non
954 676 1036 714 sine
1063 675 1223 714 consilio
1252 673 1496 725 imperatoris

89 732 257 771 Romani
277 732 536 783 Zeuxippum,
562 731 776 783 principem
798 733 942 782 gentis,
971 732 1008 770 id
1030 731 1179 770 facinus
1201 731 1406 769 conscisse.
1449 731 1495 769 ad

89 788 353 827 rebellandum
370 799 495 838 neque
510 788 609 826 vires
626 800 751 838 neque
769 788 906 827 ducem
925 788 1138 835 habebant,
1160 787 1381 839 proximum
1398 787 1498 825 hello
1528 798 1547 829 2

91 844 197 896 quod
218 849 315 889 erat,
338 845 377 882 in
398 844 644 882 latrocinium
666 844 763 882 versi
785 844 876 883 alios
898 845 938 882 in
958 844 1155 895 hospitiis,
1179 843 1272 882 alios
1294 856 1408 894 vagos
1428 855 1499 894 per

91 900 252 939 hiberna
278 901 417 938 milites
445 901 491 938 ad
512 901 636 939 varios
657 901 911 939 commeantis
932 913 1027 939 usus
1049 900 1300 951 excipiebant.
1342 900 1497 951 quidam
1528 909 1547 940 3

92 956 133 994 in
153 957 245 1007 ipsis
266 956 466 995 itineribus
487 957 533 994 ad
556 962 667 995 notas
689 957 856 995 tatebras
878 957 925 996 ab
946 956 1237 1002 insidiantibus,
1260 968 1348 1007 pars
1370 956 1407 994 in
1430 956 1498 994 de-

93 1018 196 1051 serta
218 1025 288 1064 per
308 1013 482 1051 fraudem
505 1013 722 1051 deversoria
744 1013 898 1051 deducti
929 1013 1269 1064 opprimebantur,
1298 1018 1498 1063 postremo

91 1080 173 1107 non
193 1074 345 1107 tantum
367 1069 412 1107 ab
435 1069 522 1107 odio
544 1069 611 1107 sed
633 1069 745 1107 etiam
769 1069 945 1108 aviditate
967 1069 1128 1120 praedae
1152 1069 1321 1107 facinora
1344 1068 1498 1113 fiebant,

92 1125 181 1176 quia
202 1125 423 1175 negotiandi
443 1124 566 1162 ferme
589 1137 699 1163 causa
723 1130 925 1176 argentum
948 1125 986 1163 in
1009 1126 1115 1164 zonis
1132 1125 1317 1163 habentes
1335 1125 1373 1162 in
1391 1137 1499 1163 com-

93 1235 184 1266 nicht
208 1234 323 1265 immer
346 1234 560 1273 heobachtet,
585 1245 610 1265 s.
630 1235 688 1274 39,
708 1235 760 1274 26,

95 1280 151 1311 12:
175 1279 324 1321 fideliore?
344 1281 468 1319 amieo,
493 1279 549 1321 22,
576 1280 634 1319 37,
660 1281 691 1311 4.
716 1298 759 1302 -—

91 1335 207 1366 magn.
227 1335 279 1367 op.
296 1327 396 1367 pert.⁷
414 1324 467 1355 dic
481 1335 564 1364 ganz
578 1325 760 1356 besonders

91 1370 175 1401 nahe
192 1370 327 1409 angehe,
347 1369 413 1410 vgl.
433 1369 484 1411 28,
503 1370 555 1409 44,
577 1370 614 1401 17
635 1381 664 1401 u.
683 1380 713 1401 a.

140 1415 280 1446 14-15.
317 1416 422 1453 ictus,
448 1425 473 1446 s.
499 1415 558 1456 27,
583 1417 620 1455 9,
644 1414 680 1455 83
706 1415 758 1456 26,

93 1460 153 1501 20,
176 1460 202 1491 1.
221 1479 255 1482 -—
287 1459 494 1499 A7zll1edon.‚
518 1458 614 1491 Aulis
638 1469 759 1500 gegen-

92 1504 186 1544 iiber,
205 1515 241 1536 so
259 1505 334 1536 dass
354 1514 390 1535 er
407 1504 508 1536 leicht
526 1506 607 1536 nach
625 1505 760 1536 Euboea

92 1549 299 1581 entkommen
329 1550 462 1581 konnte.
487 1568 531 1572 -—
555 1550 595 1581 de
618 1551 758 1581 Pt'sz'str.

94 1599 170 1634 etc„
195 1595 315 1625 anders
339 1595 388 1626 als
412 1594 443 1625 in
467 1593 548 1625 Rom
578 1595 651 1626 sind
677 1595 759 1625 auch

93 1637 175 1670 freie
199 1639 325 1680 Biirger
347 1640 405 1670 der
423 1638 548 1670 Tor-tur
571 1644 761 1671 unterwor-

93 1683 157 1716 fen.
177 1703 219 1707 —-
237 1685 358 1725 alz'isq,
376 1684 428 1714 die
446 1695 485 1715 zu
504 1685 562 1715 der
581 1687 660 1716 iiim.
679 1684 760 1715 Par—

91 1729 331 1770 teigehb‘rten,
356 1740 381 1760 5.
401 1729 516 1771 Polyb.
536 1725 557 1760 ἃ
578 1730 761 1773 σιηορῶι-

92 1785 150 1810 τες
179 1774 216 1805 οἷ
246 1775 329 1816 περὶ
364 1772 428 1805 τὸν
457 1771 672 1811 Ζεύξιππον
702 1775 761 1806 καὶ

93 1821 366 1870 Πεισίστρατοι
389 1819 448 1850 καὶ
473 1816 607 1854 πάντες
631 1819 667 1850 οἱ
696 1818 759 1851 δο-

94 1864 221 1896 κοῦνεῑ
227 1875 242 1899 ς
256 1869 308 1896 εἰι
311 1876 345 1895 αι
352 1860 541 1907 Ῥωμαίων
555 1864 657 1907 (μ’λοι
670 1862 759 1896 δυσ-

88 1909 216 1951 χεοῶς
225 1907 368 1953 ἔᾳερον

138 1940 208 1985 ἒξ).
228 1955 274 1984 1-
344 1952 441 1986 Theb.
460 1953 497 1984 B.
524 1963 611 1985 οΙηΙι.
622 1978 629 1993 ,
653 1965 679 1985 s.
705 1955 758 1991 45,

95 1998 149 2037 38,
167 1999 204 2035 53
224 1998 277 2038 35,
283 1955 355 2039 234,
380 1999 405 2029 1.
424 1998 529 2029 —ad
544 2009 654 2030 erec).
658 1999 758 2040 ,eine

93 2021 368 2083 Verwilderung,
393 2044 443 2074 die
461 2054 521 2074 zur
538 2042 640 2085 Folge
658 2024 759 2086 Ilatte,

93 2086 205 2119 fiihrte
229 2099 279 2119 zu.
320 2088 386 2119 Der
408 2088 492 2119 Hass
517 2088 653 2120 dauerte
677 2090 759 2121 auch

95 2133 210 2175 spiiter
227 2132 309 2171 fort,
328 2144 352 2164 5Δ
373 2133 432 2173 36,
451 2134 481 2171 (i,
503 2134 528 2164 l
546 2152 588 2156 ——
605 2144 668 2165 ΙΙοΙΙ
688 2136 760 2165 sine

93 2188 138 2218 c.,
161 2177 197 2208 L.
222 2178 355 2209 mildert
377 2188 428 2211 so
452 2188 504 2209 uni
523 2178 693 2219 Quinctius
718 2191 759 2211 zu

94 2203 254 2257 seboncn.
278 2233 347 2254 uas
365 2223 481 2255 Polxb
501 2223 568 2254 l.1.
593 2224 759 2256 bestinnnt

94 2268 300 2309 ιιυ55ρ11(111;
327 2265 344 2299 ὸ
366 2266 404 2299 δὲ
427 2270 535 2303 Τίτος
553 2270 664 2300 ταῦτα
685 2270 757 2308 (den

93 2311 175 2344 Plan
194 2313 385 2355 Brut-lissllcs
405 2324 444 2343 zu
463 2324 573 2344 er1no1
576 2313 614 2345 (1(
618 2318 655 2355 n)
677 2313 757 2345 δια-

94 2355 229 2393 κούσας
247 2357 356 2393 αὐτὸς
370 2357 441 2401 μὲι
459 2370 551 2390 οικ
542 2357 611 2402 ἔφη
630 2370 757 2391 κονιω-

94 2405 172 2435 νεΐν
189 2403 251 2444 τῆς
269 2400 433 2455 πράξεως
450 2400 598 2444 ταύτης,
616 2415 701 2440 τους
718 2403 758 2437 δὲ

93 2447 274 2499 βουλομέν
279 2460 320 2479 ου
324 2446 578 2501 ςπράτιεινού
593 2447 756 2482 κωλύειν

94 2489 259 2525 καθόλου
276 2492 315 2525 δὲ
335 2495 414 2525 lale
405 2497 456 2525 ῖν
473 2491 604 2529 αὐτοὺς
621 2493 759 2527 ἐκέλειε

95 2537 182 2579 περὶ
203 2535 342 2572 τούτων
366 2535 590 2583 Ἀλεξααέιῳ
613 2540 665 2582 τῶ
687 2540 760 2573 τῶν

833 1236 1014 1267 Αἰτωλῶν
1039 1234 1232 1278 στρατηγῷ
1257 1239 1319 1266 ete.
1346 1253 1391 1257 ——
1414 1234 1501 1266 Zeu-

832 1282 930 1323 oec'pp.
952 1282 1079 1323 princ..
1106 1290 1141 1311 so
1168 1280 1359 1312 bezeichnet
1384 1280 1438 1310 ihu
1462 1279 1499 1310 L.

833 1336 898 1357 von
922 1326 1047 1357 seinein
1066 1325 1293 1367 Standpunkte
1318 1335 1394 1363 aus3
1419 1325 1501 1356 Bra—

834 1371 980 1414 chylles,
1010 1371 1069 1401 den
1095 1381 1132 1402 er
1155 1381 1182 1401 c.
1209 1370 1267 1409 27,
1292 1370 1310 1400 8
1334 1369 1501 1412 quendam

834 1421 949 1455 nennt,
974 1416 1089 1447 wiirde
1111 1426 1148 1446 er
1172 1415 1368 1447 schwerlich
1391 1415 1500 1446 dieses

833 1460 988 1493 Priidicat
1011 1461 1157 1501 gegeben
1181 1461 1295 1492 haben.
1320 1479 1363 1483 —
1385 1460 1432 1491 ad
1447 1471 1500 1492 re-

833 1506 905 1537 bell.
931 1525 950 1528 —
971 1508 1141 1548 pro-rim„
1165 1505 1216 1536 die
1241 1505 1357 1536 beiden
1382 1504 1499 1536 Theile

832 1552 888 1582 des
907 1550 1080 1582 Schlusses
1100 1552 1182 1582 ohne
1199 1551 1251 1581 dic
1269 1551 1327 1581 das
1349 1551 1498 1591 logische

832 1596 1044 1628 Vei-haltniss
1088 1596 1349 1627 bezeichnenden
1389 1595 1500 1626 Parti—

833 1641 919 1672 keln.
952 1659 996 1663 —
1024 1642 1225 1683 proximum
1257 1645 1338 1680 etc.,
1376 1650 1499 1671 voran-

833 1686 989 1727 gestellte
1012 1685 1221 1725 Erkli‘irung,
1254 1685 1318 1716 wie
1347 1690 1441 1717 sonst
1464 1684 1501 1716 id

832 1730 929 1772 quod,
946 1741 986 1761 an
1005 1730 1056 1761 die
1073 1731 1144 1761 sich
1161 1732 1192 1761 in
1212 1730 1339 1767 I(1troc.,
1354 1741 1379 1761 5.
1395 1730 1425 1769 2,
1444 1730 1497 1769 48,

832 1778 863 1815 5,
881 1787 918 1807 so
937 1775 1154 1814 anschlicsst,
1171 1775 1219 1806 als
1238 1775 1278 1806 ob
1294 1777 1328 1806 z'n
1347 1775 1396 1814 id,
1414 1774 1503 1816 qaod

833 1821 1088 1861 vorausgienge.
1124 1819 1231 1852 Ueber
1250 1820 1302 1850 die
1321 1820 1500 1852 Nachstel—

833 1866 912 1907 lung
934 1866 990 1896 des
1008 1865 1158 1897 Relativs
1182 1876 1208 1896 s.
1234 1866 1289 1905 27,
1317 1865 1353 1903 8,
1382 1865 1430 1896 16.
1455 1883 1498 1888 —

831 1910 886 1944 ad,
904 1910 1041 1942 Zweck:
1061 1911 1110 1941 als
1128 1910 1176 1941 sie
1190 1910 1346 1941 wiihrend
1364 1910 1420 1941 des
1435 1909 1500 1941 Ur-

832 1955 927 1987 Iaubs
960 1975 981 1978 -
1014 1955 1264 1995 Bediirfnissen,
1298 1953 1497 1986 Geschtiften

834 2000 1074 2042 nachgicngen3
1100 2000 1182 2031 iiber
1206 2011 1290 2031 usus
1313 2011 1338 2031 s.
1366 2000 1425 2036 22,
1447 2000 1498 2039 12,

833 2046 868 2081 8;
888 2048 946 2084 34,
965 2045 1496 2085 6,13u.a.,vgl.c.32,2;3;

832 2091 910 2123 Tae.
925 2091 962 2121 H.
983 2091 1010 2131 1,
1026 2091 1081 2121 46:
1099 2101 1184 2133 pars
1196 2090 1364 2132 manipuli
1377 2100 1499 2132 sparsa

830 2147 893 2179 pet·
916 2138 1123 2167 commeatus
1140 2155 1160 2157 —
1175 2146 1239 2178 per
1262 2136 1439 2167 latrocinia
1465 2137 1498 2165 et

831 2184 952 2224 raptas
969 2184 1029 2212 aut
1046 2180 1223 2212 servilibus
1238 2182 1395 2222 negotiis.

877 2227 962 2256 3-4.
989 2229 1087 2257 notus
1112 2237 1141 2256 n.
1171 2225 1427 2261 insidiantibus,
1456 2236 1495 2255 zu

830 2271 1037 2303 insz'dz'untib.
1066 2272 1111 2302 ist
1133 2271 1258 2302 wieder
1286 2282 1326 2301 zu
1354 2270 1497 2301 denken:

830 2317 862 2347 in
878 2317 1028 2348 latebris.
1042 2335 1085 2339 ——
1096 2319 1244 2359 poslrem
1251 2326 1278 2354 (Ι,
1293 2316 1341 2346 als
1356 2316 1396 2346 ob
1407 2315 1496 2346 nieht

829 2361 925 2399 alios,
940 2372 1034 2404 pars,
1049 2362 1191 2392 sondern
1204 2363 1365 2403 primum,
1378 2359 1497 2391 deinde

830 2407 1072 2447 vorlici-gicnge
1095 2425 1138 2428 —
1160 2405 1320 2437 avidilale
1339 2406 1421 2436 ohne
1443 2406 1495 2446 ab,

831 2462 856 2482 s.
876 2452 934 2491 37,
954 2453 989 2488 7,
1013 2453 1068 2482 10:
1093 2461 1157 2481 ΙΙΟΙΙ
1180 2462 1241 2493 pel*
1266 2450 1495 2482 Macedoniam

829 2496 927 2528 modo
941 2496 1112 2528 sedetiam
1133 2495 1321 2537 Thraciam,
1336 2496 1400 2535 vgl.
1418 2496 1448 2535 3,
1463 2498 1494 2535 6,

832 2542 871 2581 83
900 2543 957 2582 10,
976 2542 1033 2582 23,
1061 2542 1110 2572 10.
1135 2559 1177 2563 —
1199 2541 1410 2583 negotiandi,
1436 2542 1495 2572 der

1528 1020 1548 1051 4
