1715 2723
6 107 8 116 ὲ
51 137 80 154 a.
95 128 147 154 ch.
161 127 222 152 200.

502 144 509 149 ,,
523 115 648 148 LIBER
666 115 797 148 XXXI.
822 115 914 147 CAP.
933 117 986 148 31.

1399 119 1449 158 61

6 263 8 267 ,
51 220 241 266 tionibus,
270 223 468 270 postremo
491 218 641 257 civitate
661 218 774 257 nobis
795 217 1149 266 coniunxissemus,
1180 224 1361 271 tempore
1377 231 1451 259 no-

49 282 130 316 stro
151 276 309 315 adverso
331 275 447 326 primi
468 275 644 313 omnium
665 274 793 313 Italiae
813 273 1050 325 populorum
1063 306 1071 320 ‚
1099 276 1286 325 praesidio
1313 281 1450 315 nostro

49 333 162 371 foede
182 332 406 377 interfecto,
429 331 474 369 ad
496 330 751 370 Hannibalem
774 331 1016 377 defecerunt,
1046 331 1183 370 deinde
1204 332 1389 383 indignati
1410 345 1451 371 se

49 388 217 427 obsideri
237 401 258 426 a
278 388 392 426 nobis
409 387 663 426 Hannibalem
683 387 731 425 ad
748 387 1043 438 oppugnandam
1060 387 1226 426 Romam
1244 389 1449 427 miserunt.

48 444 191 483 horum
220 444 253 482 si
281 456 405 494 neque
433 443 525 481 urbs
552 443 634 494 ipsa
662 455 788 494 neque
823 443 942 481 homo
979 443 1185 494 quisquam
1220 450 1452 495 superesset,

49 501 134 551 quis
155 501 192 538 id
213 501 344 538 durius
367 512 481 550 quam
503 511 573 550 pro
596 500 735 538 merito
757 500 932 550 ipsorum
948 504 1137 538 statutum
1154 500 1344 550 indignari
1358 514 1450 551 pos-

6 601 7 609 ,
48 554 136 595 set‘?
164 557 294 608 plures
315 556 468 594 sibimet
494 555 565 606 ipsi
587 555 821 594 conscientia
842 556 1031 594 scelerum
1060 561 1229 594 mortem
1252 557 1450 595 conscive—
1484 563 1523 594 14

6 628 7 646 ³
49 618 154 659 runt,
177 625 292 663 quam
315 612 360 650 ab
383 611 492 650 nohis
514 611 701 662 supplicio
724 611 864 650 adfecti
884 616 987 650 sunt.
1020 612 1156 650 ceteris
1178 613 1229 650 ita
1251 612 1450 663 oppidum,

48 669 100 707 ita
116 681 228 719 agros
244 668 473 713 ademimus,
491 672 533 706 ut
548 679 683 718 agrum
699 669 907 718 locumque
923 668 969 706 ad
985 667 1237 706 habitandum
1256 669 1448 713 daremus,
1485 673 1522 704 15

6 719 7 726 ¹
46 724 185 763 urbem
202 724 399 763 innoxiam
416 728 515 763 stare
531 724 766 762 incolumem
782 729 1016 775 pateremur,
1033 728 1089 769 ut,
1113 725 1178 775 qui
1198 724 1312 763 hodie
1326 725 1454 763 videat

6 790 7 812 ³
47 793 156 827 eam,
186 781 335 819 nullum
367 785 606 831 oppugnatae
636 785 814 832 captaeve
846 780 898 818 ibi
925 780 1127 831 vestigium
1157 781 1337 819 inveniat.
1382 781 1449 819 sed

49 837 139 888 quid
155 849 226 887 ego
244 837 412 888 Capuam
429 837 525 881 dico,
548 849 637 875 cum
655 837 872 888 Carthagini
889 837 1007 875 victae
1023 849 1158 888 pacem
1171 850 1214 875 ac
1230 837 1448 876 libertatem

5 918 7 946 2
48 891 302 932 dederimus?
345 893 467 943 magis
496 893 587 931 illud
617 898 676 931 est
703 893 941 943 periculum,
977 905 1026 931 ne
1053 893 1169 931 nimis
1204 893 1313 931 facile
1340 893 1449 932 victis

48 949 284 999 ignoscendo
312 950 442 999 plures
479 948 527 986 ob
562 949 599 986 id
625 948 752 999 ipsum
780 949 827 987 ad
853 949 1131 999 experiundam
1167 949 1350 988 adversus
1378 961 1450 988 nos

6 1021 7 1027 ¹
48 1005 248 1043 fortunam
269 1004 357 1043 belli
378 1005 595 1043 incitemus.
627 1004 722 1043 haec
741 1017 811 1055 pro
834 1005 944 1043 1101113
965 1005 1063 1044 dicta
1086 1005 1175 1051 sint,
1198 1005 1293 1043 haec
1313 1005 1451 1044 adver-

5 1055 7 1061 *
49 1073 114 1099 sus
142 1061 385 1111 Philippum,
417 1061 525 1098 cuius
555 1061 765 1099 domestica
786 1061 987 1112 parricidia
1017 1066 1055 1099 et
1075 1066 1329 1111 cognatorum
1350 1061 1452 1100 ami-

6 1140 8 1149 »
50 1128 262 1166 corumque
284 1117 418 1154 caedes
441 1121 478 1154 et
497 1115 695 1154 libidinem
711 1117 1023 1155 inhumaniorem
1039 1129 1160 1167 prope
1178 1117 1293 1167 quam
1311 1117 1450 1155 crude—

47 1172 193 1210 litatem
210 1185 290 1218 vos,
315 1184 391 1222 quo
408 1172 608 1222 propiores
624 1172 868 1211 Macedoniae
891 1173 998 1218 estis,
1021 1173 1160 1211 melius
1176 1174 1312 1211 nostis.
1346 1174 1450 1224 quod

5 1255 8 1260 =
47 1228 94 1266 ad
114 1240 181 1267 vos
203 1228 350 1275 attinet,
372 1227 509 1275 Aetoli,
530 1239 601 1266 nos
622 1241 692 1279 pro
709 1228 817 1267 vobis
839 1229 981 1267 bellum
1005 1229 1246 1279 suscepimus
1268 1229 1450 1269 adversus

47 1360 216 1393 Romanos
231 1361 467 1403 adfinitatibus
481 1361 659 1404 plerosque
677 1365 709 1393 et

42 1408 243 1449 propinquis
275 1408 413 1438 z'mnz'am
452 1408 710 1448 cognationibus

45 1462 92 1482 ea:
107 1452 245 1483 conubio
264 1454 393 1482 vetusto
411 1453 552 1483 iunctm.
570 1470 615 1475 —
632 1453 710 1483 civi-

44 1498 129 1538 tate,
153 1507 179 1527 s.
198 1496 256 1536 23,
275 1497 311 1535 5,
330 1496 359 1527 9.
379 1514 423 1519 -—
441 1499 591 1539 tempore
614 1509 647 1528 n.
664 1508 710 1537 (1.,

7 1557 8 1563 1
47 1551 74 1572 s.
92 1541 122 1581 2,
141 1541 194 1580 23,
213 1542 245 1573 5.
261 1559 305 1564 —
318 1541 484 1584 prae-vid„
504 1552 529 1572 3.
550 1542 600 1582 23,
620 1543 650 1581 7,
669 1542 707 1580 33

46 1585 108 1625 26,
128 1586 185 1623 13,
204 1587 232 1617 5.
251 1604 296 1608 ——-
314 1586 499 1627 indignati,
518 1587 656 1617 nahmen
673 1596 708 1617 03

45 1630 133 1661 iibel.
179 1632 365 1670 miserunt,
400 1629 548 1661 insofern
582 1631 629 1662 sie
658 1631 710 1662 die

7 1687 8 1698 ¹
46 1674 298 1714 Veranlassung
321 1675 378 1705 (103
397 1674 505 1714 Zuges
523 1685 649 1706 waren.
666 1693 711 1698 —

7 1718 8 1756 ξ
46 1719 142 1749 homo
156 1720 274 1760 quisq„
290 1719 382 1758 9,1S,
402 1719 450 1750 13.
469 1738 511 1742 —
525 1719 710 1761 indignari,

46 1763 246 1806 behaupten,
276 1764 351 1794 dass
382 1775 415 1795 es
439 1783 462 1786 —
485 1764 548 1805 sei,
581 1765 646 1795 und
675 1775 710 1796 es

46 1808 185 1848 unbillig
202 1808 326 1848 finden,
345 1819 370 1839 3.
391 1809 450 1847 32,
470 1809 528 1848 34,
546 1810 585 1847 4,
605 1810 660 1847 34,
679 1809 710 1849 6,

47 1853 82 1890 1;
103 1853 145 1883 ih.
167 1852 218 1892 36,
237 1853 274 1889 ὃς
294 1852 372 1884 Sall.
387 1853 407 1884 I.
429 1853 481 1893 31,
499 1854 534 1884 9:
553 1854 710 1896 [ndigna-

7 1934 9 1936 ,
45 1898 164 1928 himina·
178 1900 351 1929 aerarium
369 1897 528 1941 eoepz'larz'.

92 1942 223 1974 14-15.
245 1942 382 1985 plures,
408 1954 434 1974 s.
460 1943 518 1983 26,
546 1943 596 1975 13.
621 1961 666 1966 --
688 1954 709 1974 a

43 1987 150 2026 nobis,
169 1987 220 2023 26,
242 1986 310 2018 15f.
329 2006 370 2010 —
387 1998 463 2029 agr.
485 1987 544 2020 loc.
563 1988 595 2018 in
620 1988 708 2019 chia—

7 2069 8 2072 ,
45 2031 346 2072 stischerStellung
360 2043 430 2064 zum
441 2033 617 2073 Vorl1erg.,
631 2033 708 2065 Bei-

7 2088 9 2106 l
44 2077 101 2107 des
120 2076 280 2107 erhielten
300 2077 348 2108 sie
366 2077 397 2107 in
415 2078 558 2109 anderen
576 2076 706 2119 Gegen-

7 2126 8 2131 ¹
44 2121 123 2161 den,
148 2132 173 2152 s.
194 2121 253 2161 26,
273 2122 325 2153 34.
348 2140 392 2144 —
413 2122 459 2153 ad
478 2123 600 2163 habit„
624 2134 649 2154 s.
675 2124 706 2163 2,

8 2177 9 2180 ¹
46 2166 98 2205 14,
114 2166 149 2197 9:
168 2165 259 2197 locus
271 2165 317 2197 ad
327 2167 558 2209 habitandum,
572 2169 638 2209 vgl.
654 2168 705 2210 24,

44 2211 77 2250 4,
95 2210 126 2241 2.
141 2229 186 2233 —-
202 2212 321 2242 urbem
339 2216 414 2250 010,
432 2212 486 2252 26,
509 2213 559 2252 16,
577 2213 609 2253 9,
628 2214 704 2245 dass

45 2265 80 2286 es
98 2266 160 2286 nur
177 2266 249 2286 zum
265 2256 420 2288 Vortheil
438 2257 495 2288 der
513 2256 632 2289 Riimer
648 2269 706 2298 ge-

45 2300 155 2339 schah,
174 2300 218 2331 ist
232 2301 453 2342 iibergangen.
471 2320 515 2324 —
532 2303 612 2343 qm'd
623 2303 705 2346 dieo,

45 2355 79 2376 es
97 2345 140 2376 ist
155 2346 288 2381 unniitz,
307 2346 424 2386 sanger
438 2347 544 2377 davon
560 2358 601 2378 zu
614 2358 707 2390 spre-

44 2390 143 2429 chen‚
162 2391 199 2421 da
219 2391 302 2421 noch
319 2395 424 2422 etwas
443 2392 704 2425 Bedeutenderes

42 2440 159 2475 gesagt
174 2436 307 2467 werden
326 2436 422 2476 kann,
440 2437 507 2477 vgl.
528 2438 558 2475 5,
573 2438 603 2477 5,
618 2437 648 2469 6.
662 2456 706 2462 —

40 2489 156 2521 pacem
175 2491 206 2511 (1.
221 2480 253 2519 1.,
271 2491 306 2512 03
324 2481 415 2512 nicht
432 2481 482 2512 bis
501 2480 586 2513 auf's
600 2482 707 2514 Aeus-

44 2529 151 2556 sex-ste
159 2525 323 2566 gedr‘a'ngt
335 2526 399 2557 und
413 2527 523 2558 seiner
533 2526 704 2559 selbststa-

782 1362 910 1403 digkeit
927 1362 1069 1394 beraubt
1086 1362 1208 1402 haben,
1232 1363 1300 1404 vgl.
1320 1363 1379 1404 30,
1397 1364 1450 1405 37,

783 1408 813 1439 2,
831 1426 876 1430 -
891 1409 1015 1449 magis,
1033 1408 1066 1439 in
1082 1408 1238 1439 1161101010
1257 1407 1379 1440 Grade.

832 1452 882 1483 17.
933 1452 1011 1484 wie
1043 1452 1116 1484 Ph's
1146 1452 1346 1485 Herrschaft
1379 1455 1448 1485 sein

781 1498 915 1537 wiirde,
945 1498 1033 1538 zeigt
1056 1498 1128 1529 sein
1152 1498 1338 1539 bisheriges
1363 1499 1450 1531 Ver-

782 1540 908 1583 fahren,
926 1553 987 1574 zur
1004 1543 1248 1584 Widerlegung
1266 1554 1330 1575 von
1347 1555 1375 1575 c.
1395 1544 1449 1583 29,

785 1587 835 1618 13.
854 1606 897 1609 —
914 1586 994 1619 dict.
1013 1599 1052 1628 s.,
1071 1588 1138 1629 vgl.
1158 1588 1189 1625 6,
1207 1589 1269 1628 41,
1287 1589 1323 1620 4:
1341 1588 1382 1620 de
1398 1591 1449 1620 in-

784 1631 951 1673 dignitate
965 1634 1050 1663 satis
1064 1632 1192 1664 dic-tum
1208 1635 1276 1672 est,
1296 1635 1325 1673 7,
1342 1633 1395 1673 13,
1410 1634 1448 1665 9:

782 1676 863 1706 llaec
903 1676 994 1707 dicta
1034 1679 1102 1708 sint
1138 1678 1315 1719 patribus;
1356 1679 1449 1710 viell.

784 1720 915 1751 schrieb
934 1720 970 1752 L.
991 1731 1031 1752 an
1050 1733 1080 1752 u.
1100 1721 1149 1753 St.
1167 1722 1257 1753 (1ίοίο
1279 1725 1396 1763 sunto,
1423 1734 1449 1754 s.

784 1764 851 1796 Cic.
868 1766 952 1807 legg.
970 1766 1001 1805 2,
1020 1766 1049 1807 9,
1067 1767 1119 1808 21,
1137 1767 1190 1798 die
1208 1767 1300 1798 beste
1318 1767 1374 1799 Hs.
1394 1769 1450 1799 hat

784 1809 814 1841 d.
834 1814 923 1841 smzt.
941 1829 985 1833 —
1001 1811 1186 1843 domestica
1212 1812 1255 1843 ist
1279 1812 1372 1844 viell.
1391 1823 1450 1844 an-

782 1855 912 1897 ticipirt
935 1856 999 1886 und
1022 1866 1063 1886 an
1084 1857 1137 1888 die
1154 1857 1366 1898 Ermordung
1390 1858 1448 1889 des

782 1899 988 1939 Demetrius,
1006 1901 1059 1940 40,
1079 1901 1137 1941 24,
1155 1902 1312 1941 gedacht3
1333 1903 1372 1933 011
1390 1903 1449 1934 mit

780 1946 967 1977 amicorum
985 1945 1037 1976 die
1054 1945 1265 1987 Ermordung
1287 1947 1342 1978 des
1362 1947 1450 1979 Ara-

781 1995 834 2021 tus
860 1990 919 2029 32,
941 1990 1000 2029 21,
1026 1991 1066 2022 33
1096 1991 1289 2023 bezeichnet
1314 1994 1447 2024 werden

781 2035 865 2074 soll,
882 2035 927 2066 ist
943 2045 1058 2076 wegen
1075 2047 1138 2077 quo
1156 2056 1177 2060 -
1197 2038 1281 2068 estis
1298 2036 1447 2069 zweifel-

780 2078 861 2119 haft,
879 2080 946 2120 vgl.
963 2081 1044 2112 auch
1058 2081 1110 2121 32,
1130 2082 1160 2121 5,
1180 2082 1216 2120 6;
1236 2082 1332 2113 Diod.
1345 2082 1400 2123 28,
1415 2083 1445 2114 2.

779 2143 823 2148 -—
845 2124 954 2165 libid„
979 2136 1006 2157 s.
1030 2126 1083 2166 27,
1107 2126 1166 2165 31,
1191 2128 1221 2158 5.
1239 2144 1283 2150 —
1305 2128 1445 2169 instrum„

780 2170 863 2201 noch
879 2171 972 2202 mehr
988 2171 1045 2202 des
1064 2170 1241 2203 Menschen
1259 2172 1445 2213 unwiirdig.

777 2232 823 2238 —
839 2226 902 2256 qno
918 2226 1036 2258 prop„
1061 2227 1087 2248 s.
1110 2217 1144 2256 1,
1163 2217 1222 2257 23,
1243 2217 1281 2255 8,
1307 2217 1389 2248 ohne
1408 2228 1445 2248 eo

780 2260 832 2297 34,
853 2260 905 2300 34,
924 2261 955 2292 6.

826 2304 956 2336 18-20.
980 2305 1037 2337 Βο1
1053 2306 1112 2337 (101
1125 2308 1301 2347 griisseren
1317 2306 1446 2338 Macht-

780 2350 1027 2390 entwickelung
1040 2350 1139 2382 Roms
1160 2352 1293 2382 werden
1311 2352 1361 2383 die
1379 2351 1445 2383 Ae-

778 2395 868 2426 toler
881 2395 969 2426 wohl
986 2397 1066 2427 thun
1084 2396 1154 2427 sich
1168 2406 1209 2426 an
1222 2396 1330 2427 dieses
1344 2407 1446 2429 anzu-

779 2439 971 2472 schliessen.
985 2451 1104 2483 —pro
1117 2442 1200 2479 vob„
1218 2441 1282 2472 wie
1295 2452 1324 2473 c.
1339 2442 1392 2481 29,
1407 2442 1442 2474 5:

778 2485 838 2515 (101
860 2485 950 2515 Bund
974 2486 1033 2516 mit
1058 2486 1235 2517 denselben
1259 2487 1372 2518 wurde
1389 2487 1443 2528 jc-

778 2529 861 2561 doch
886 2535 957 2561 erst
980 2530 1092 2572 spiiter
1115 2531 1348 2572 geschlossen,
1374 2532 1442 2573 vgl.

1484 226 1522 257 12

1484 450 1522 481 13

1484 896 1522 928 16

1482 1011 1521 1041 17

1483 1180 1521 1211 18
