1715 2723
205 96 287 138 134

622 93 747 126 LIBER
768 92 931 127 XXXVI.
958 93 1050 126 CAP.
1070 96 1124 128 28.
1151 97 1204 130 29.

1471 102 1498 119 a.
1516 101 1545 120 u.
1567 93 1620 121 563

164 194 183 226 8
203 211 302 249 opus
323 210 427 244 esse;
452 198 499 235 ad
519 197 557 235 id
578 203 707 248 petere
731 203 772 236 ut
794 197 928 235 decem
945 197 1097 235 dierum
1116 197 1284 236 indutias
1308 197 1426 236 daret.
1467 203 1620 248 petente

201 256 338 294 Flacco
369 265 441 304 pro
463 253 606 292 Aetolis
632 253 802 292 indutiae
831 253 949 300 datae,
981 258 1018 292 et
1038 253 1231 304 Hypatam
1250 253 1417 293 reditum
1440 259 1507 293 est.
1551 254 1621 293 ubi

202 323 293 349 cum
314 310 354 348 in
379 310 539 348 consilio
560 309 811 356 delectorum,
833 322 931 360 quos
953 309 1148 361 apocletos
1173 316 1322 357 vocant,
1345 310 1555 357 Phaeneas,
1583 316 1620 349 et

163 369 182 400 9
204 379 302 417 quae
323 366 610 416 imperarentur
624 371 661 404 et
675 366 770 416 qu'ae
781 366 875 416 ipsis
887 378 1010 417 prope
1022 366 1261 413 accidissent,
1283 367 1534 416 exposuisset,
1557 367 1619 405 in-

203 428 436 473 gemuerunt
451 422 608 473 quidem
619 422 815 473 principes
828 422 1048 461 condicioni
1059 435 1163 469 suae,
1185 422 1403 473 parendum
1414 428 1544 462 tamen
1560 423 1620 462 vi—

202 479 299 518 ctori
321 478 530 517 censebant
545 484 582 517 et
591 491 637 517 ex
650 478 782 517 omnib
789 491 832 517 us
847 479 999 530 oppidis
1012 479 1285 518 convocandos
1296 478 1452 518 Aetolos
1464 480 1511 518 ad
1523 491 1620 518 con-

124 530 182 571 29
202 536 344 573 cilium.
374 535 587 598 Postquam
607 548 700 574 velo
721 541 851 574 coacta
875 536 1001 574 omnis
1023 535 1229 574 multitudo
1243 535 1377 574 eadem
1390 535 1452 573 illa
1466 536 1622 582 audivit,

201 592 296 630 adeo
319 591 473 631 saevitia
495 592 648 643 impelii
668 598 782 643 atque
795 592 1019 643 1nd10111tate
1036 604 1198 643 exaspei
1201 592 1249 630 at1
1261 604 1379 630 aninu
1390 597 1493 639 sunt
1513 597 1566 639 ut,
1589 592 1622 631 si

160 641 210 673 2
200 661 240 687 in
262 660 354 699 pace
375 649 551 696 fuissent,
571 649 634 687 illo
656 648 803 699 impetu
824 661 857 687 11
859 661 901 687 ae
925 649 1318 699 concitalipotueiint
1329 648 1375 686 ad
1387 647 1544 687 bellum
1574 648 1622 686 ad

199 705 298 743 iram
323 704 528 743 accedebat
557 710 594 744 et
616 705 818 743 difficultas
840 717 989 752 eorum,
1021 717 1119 756 quae
1138 717 1308 755 impeial
1311 710 1424 743 entu1
1443 727 1497 732 —
1519 716 1620 756 quo-

204 773 296 799 nam
328 761 445 800 modo
478 761 582 800 enim
611 762 743 812 utique
765 773 897 812 regem
921 761 1220 812 Amynandrum
1239 774 1280 800 se
1301 761 1452 800 tradere
1473 759 1622 812 posse?

161 812 180 844 3
200 840 255 845 —-
276 823 313 856 et
341 830 429 868 spes
460 820 562 856 forte
582 817 718 864 oblata,
744 817 850 868 quod
878 817 1071 856 Nicander
1091 830 1136 856 eo
1158 818 1244 868 ipso
1266 824 1443 868 tempore
1465 817 1511 856 ab
1531 830 1622 868 rege

200 874 392 913 Antiocho
413 874 574 912 veniens
597 873 770 924 implevit
792 874 1057 924 expectatione
1080 885 1177 912 vana
1199 874 1498 920 multitudinem,
1520 879 1623 912 terra

160 928 182 959 4
202 931 376 980 marique
396 930 534 981 ingens
555 930 681 980 parari
700 929 857 968 bellum.
889 930 1135 968 duodecumo
1156 930 1188 968 is
1202 930 1274 977 die,
1296 942 1412 980 quam
1430 941 1621 968 conscen-

201 987 308 1025 derat
336 999 486 1033 navem,
516 987 557 1024 in
577 986 764 1025 Aetoliam
795 988 966 1037 perfecta
995 986 1183 1037 legatione
1213 986 1366 1025 rediens
1391 986 1551 1025 Phalara
1581 986 1622 1024 in

161 1042 180 1073 5
200 1043 289 1081 sinu
301 1043 456 1082 Maliaco
479 1043 613 1081 tenuit.
644 1043 734 1081 inde
749 1042 922 1081 Lamiam
945 1043 1151 1094 pecuniam
1175 1055 1265 1081 eum
1289 1042 1518 1090 devexisset,
1539 1043 1622 1093 ipse

199 1112 291 1138 cum
311 1099 496 1150 expeditis
517 1099 642 1150 prima
662 1111 822 1149 vespera
842 1099 943 1138 inter
954 1100 1212 1138 Macedonum
1223 1100 1478 1150 Romanaque
1499 1105 1621 1138 castra

198 1156 325 1195 medio
357 1169 462 1206 agro,
492 1156 586 1194 dum
617 1156 806 1207 Hypatam
838 1156 938 1194 notis
970 1156 1127 1195 callibus
1149 1156 1253 1207 petit,
1274 1156 1314 1194 in
1332 1156 1537 1195 stationem
1556 1156 1620 1194 in-

196 1289 276 1321 Sinn
309 1290 441 1330 gehabt.
475 1309 517 1313 —
543 1292 668 1330 conda,
705 1289 768 1321 wie
794 1288 814 1330 ξ
842 1291 872 1329 9,

197 1335 269 1366 61116
298 1335 491 1376 allgemeine
510 1335 873 1376 Volksversammlung.

197 1398 241 1403 —
259 1387 376 1420 petent.
406 1393 485 1421 pro,
525 1380 677 1412 Fiirbitte
709 1380 872 1421 einlegeu,

196 1425 261 1458 wie
299 1429 417 1467 dicere,
455 1429 550 1467 queri
581 1437 662 1467 pro,
700 1436 765 1456 von
803 1425 871 1458 Pol.

196 1470 309 1503 friiher
348 1472 512 1504 erwiihnt.
540 1490 585 1493 —
609 1483 686 1513 quos
709 1474 807 1511 apocl.
832 1482 872 1512 v.,

197 1517 261 1548 wie
288 1519 342 1554 35,
377 1520 431 1559 554,
456 1518 487 1557 2,
515 1517 581 1558 vgl.
607 1518 660 1557 38,
690 1518 719 1556 1,
747 1519 785 1556 4;
812 1527 874 1547 nur

195 1565 327 1601 apocletz‘
355 1564 408 1603 35,
442 1564 496 1602 46,
527 1564 562 1601 13
583 1565 746 1602 principes
779 1564 874 1594 Aeto-

194 1610 255 1639 liae
278 1618 304 1639 c.
333 1609 386 1649 27,
416 1610 456 1650 43
489 1609 539 1647 11,
567 1610 597 1640 7.
625 1625 667 1629 —
693 1610 804 1648 iwyem.
830 1625 875 1630 —

195 1655 298 1693 cond„
324 1655 378 1693 26,
407 1655 458 1693 16,
490 1655 538 1686 12.
574 1671 618 1675 -
643 1655 766 1695 oppid„
804 1652 873 1684 Pol.

195 1697 341 1739 πόλεις,
377 1698 467 1730 (11656
503 1698 576 1730 511111
620 1698 686 1729 wol
723 1708 783 1729 nur
821 1698 873 1730 die

197 1744 443 1786 Mittelpunkte,
481 1754 546 1775 von
572 1744 676 1776 denen
706 1754 764 1775 aus
790 1744 874 1775 auch

197 1789 249 1821 die
273 1790 457 1821 Bewohner
493 1790 549 1821 des
579 1789 706 1821 Laudes
736 1788 873 1821 berufen

197 1836 342 1867 werden.

244 1923 312 1962 29.
345 1927 440 1958 1—5.
462 1932 565 1966 postq.
584 1936 666 1965 vero,
693 1926 723 1964 3,
753 1927 805 1964 35,
838 1927 873 1964 13

197 1971 236 2002 de
267 1970 335 2002 Inv.
366 1973 393 2011 1,
421 1972 451 2010 2,
481 1972 519 2012 3,
560 1971 611 2002 bei
637 1970 753 2002 Cicero
778 1970 875 2002 meist

189 2022 300 2057 postea
311 2027 383 2048 vero
397 2027 502 2057 quam
516 2034 560 2038 —
574 2023 678 2048 coacta
690 2035 732 2038 —
751 2019 875 2048 audivit

198 2063 361 2093 νει-516551
382 2072 484 2103 gegen
503 2061 562 2092 deu
582 2062 713 2093 Be1icht
730 2062 785 2093 des
805 2061 873 2093 Pol.

198 2117 225 2139 c.
244 2109 302 2141 10:
316 2105 396 2140 τότε
410 2108 560 2161 πρῶτοι
575 2107 721 2140 ἔννοιαν
742 2108 875 2149 ἔλαβον

196 2153 361 2186 Αἰτωλοὶ
381 2150 565 2193 τῆςαύτων
576 2149 647 2205 ἆγι
651 2166 730 2190 οιας
746 2154 805 2185 καὶ
818 2154 875 2193 τῆς

198 2217 241 2221 —
263 2195 360 2241 ἀνά)
361 2210 430 2240 κης.
472 2197 531 2231 διὸ
564 2194 723 2243 γράφειν
753 2198 875 2237 ἔδοξει

198 2255 225 2277 ε·
220 2245 247 2280 ς
271 2242 335 2282 τὰς
353 2241 480 2281 πόλεις
503 2245 561 2276 καὶ
581 2245 775 2296 συγκαλεῖι
793 2240 876 2281 τοὺς

196 2286 507 2333 Αἰτωλοὺςχαριῑ
521 2301 581 2322 τοι
573 2285 876 2341 βουλεύσασθαι

198 2336 360 2388 περιτῶν
368 2336 700 2389 προσταττομένων
715 2353 753 2356 -
764 2331 878 2372 οὕτως

200 2377 442 2426 ἄπεθηριώθη
485 2378 533 2433 Tb
582 2381 727 2433 πλῆθος
763 2382 880 2420 (animi

197 2429 374 2465 eaaspeqatz'
402 2428 437 2462 3.)
473 2422 559 2459 ὥστ’
595 2423 672 2459 οὐδ’
707 2422 807 2458 ἆπαι
811 2427 878 2458 τᾶι

200 2469 250 2503 οἰ
262 2471 333 2504 δει
342 2484 357 2509 ς
404 2467 663 2513 ἐπεβάλετο
704 2470 797 2523 πρὸς
836 2469 874 2503 τὸ

198 2513 422 2558 &caponum
455 2518 537 2549 τοῦ
564 2515 601 2549 ‹5'
639 2513 756 2550 ἄδύτ
751 2528 876 2549 ατου

943 1285 1243 1327 κωλύσαντος
1265 1286 1622 1330 βουλεύσασθαι

944 1339 1016 1374 ete„
1044 1336 1126 1366 nach
1152 1335 1224 1366 dem
1240 1334 1312 1366 eine
1332 1334 1621 1366 Volksversamm-

944 1381 1022 1421 lang
1049 1380 1140 1411 nicht
1168 1391 1207 1411 zu
1226 1379 1350 1411 Stande
1376 1380 1462 1419 kam,
1488 1379 1542 1412 ein
1558 1380 1621 1411 Be-

943 1426 1070 1457 schluss
1095 1426 1165 1457 also
1192 1426 1293 1456 durch
1318 1426 1375 1456 das
1402 1435 1466 1456 von
1491 1425 1527 1456 L.
1553 1423 1573 1466 ἓ
1599 1427 1617 1458 2

942 1471 1126 1502 Erw'ahnte
1160 1470 1251 1502 nicht
1280 1470 1453 1511 gehiudert
1487 1471 1621 1502 werden

943 1517 1076 1547 konnte.
1103 1534 1146 1538 —-—
1172 1519 1332 1555 imper-ar„
1363 1516 1447 1546 nach
1472 1516 1530 1547 der
1549 1515 1618 1547 Au-

943 1562 1029 1593 sieht
1060 1562 1116 1593 der
1144 1561 1269 1601 Menge.
1305 1579 1348 1583 —
1384 1564 1483 1602 utiq„
1526 1571 1622 1592 wenn

943 1608 1026 1639 auch
1044 1607 1101 1638 das
1122 1606 1264 1646 Uebrige
1289 1606 1474 1646 geschehen
1499 1606 1616 1646 kb'nne,

944 1652 1050 1684 dieses
1061 1651 1155 1692 jedes
1170 1651 1261 1683 Falls
1276 1651 1374 1682 nicht.
1390 1669 1435 1673 —
1447 1651 1618 1684 Nicander

943 1698 987 1729 ist
1024 1708 1051 1729 c.
1078 1699 1121 1730 26
1146 1697 1236 1728 nicht
1260 1697 1439 1728 besonders
1464 1701 1619 1738 genannt.

943 1745 1138 1783 *duodeQ
1164 1742 1231 1773 wol
1253 1741 1342 1773 nicht
1360 1742 1411 1774 die
1425 1741 1532 1774 Fahrt
1556 1753 1621 1774 von

945 1788 1187 1821 Grieehenland
1236 1789 1320 1819 nach
1360 1787 1507 1830 Ephesus
1554 1784 1620 1819 111111

944 1835 1028 1866 nach
1042 1833 1197 1873 Phalara,
1227 1844 1251 1865 5.
1271 1835 1325 1866 35.
1355 1835 1409 1874 43,
1436 1834 1466 1872 8,
1485 1833 1618 1871 zuriiek,

944 1880 1085 1912 sondern
1110 1879 1175 1911 wie
1202 1879 1335 1919 peofeot.
1363 1881 1382 1910 ἰ.
1407 1881 1531 1910 rediens
1559 1888 1620 1909 an-

945 1926 1058 1957 deutet
1098 1935 1159 1956 nur
1193 1924 1244 1956 die
1274 1934 1338 1955 von
1365 1923 1510 1965 Ephesus
1536 1924 1620 1955 nach

944 1970 1100 2012 Phalara,
1126 1971 1167 2001 da
1197 1970 1280 2001 nach
1306 1980 1334 2001 e.
1362 1971 1415 2009 27,
1445 1971 1463 2002 2
1490 1969 1619 2010 wenige

943 2016 1034 2057 Tage
1068 2016 1150 2047 nach
1186 2016 1256 2046 dem
1290 2015 1429 2056 Abgang
1462 2015 1520 2046 der
1552 2013 1620 2046 Ge-

944 2060 1153 2094 sandtschaft
1178 2071 1218 2092 an
1244 2060 1443 2101 Antiochus,
1490 2060 1542 2091 die
1579 2070 1621 2091 an

944 2108 1006 2139 den
1024 2107 1146 2139 Consul
1166 2106 1391 2147 abgeschickt,
1417 2103 1551 2137 hierauf
1566 2106 1584 2144 ξ
1600 2107 1619 2138 3

949 2155 988 2186 10
1028 2152 1118 2193 Tage
1172 2151 1498 2191 XVaffenstillstand,
1548 2151 1620 2182 eine

945 2208 1027 2230 neue
1076 2196 1331 2230 Gesandtschaft
1382 2197 1448 2228 und
1494 2196 1621 2228 wieder

946 2243 992 2275 W
995 2243 1253 2275 affenstillstand
1278 2242 1481 2284 eingetreten
1498 2241 1560 2281 ist3
1578 2251 1621 2272 an

946 2289 1017 2321 sich
1044 2289 1158 2321 hatten
1188 2290 1226 2322 12
1251 2287 1342 2329 Tage
1368 2287 1420 2319 bei
1448 2287 1620 2328 giinstiger

946 2334 1052 2366 Fahrt
1079 2333 1285 2375 hingereicht
1301 2343 1353 2365 um
1374 2333 1457 2364 nach
1473 2331 1619 2374 Ephesus

946 2380 1012 2411 und
1037 2381 1160 2411 zuriick
1185 2390 1225 2410 zu
1249 2379 1407 2414 kommen,
1435 2388 1459 2409 5.
1475 2376 1558 2409 Ρ1111.
1581 2378 1620 2410 19

948 2435 1089 2467 prooem.
1116 2427 1134 2458 3
1164 2435 1230 2466 sqq.
1256 2442 1302 2447 -—-
1318 2426 1429 2463 prima
1452 2435 1493 2462 v.,
1519 2433 1544 2454 s.
1564 2424 1617 2462 35,

948 2472 1001 2510 30,
1018 2473 1067 2504 10.
1079 2489 1121 2493 —
1135 2473 1220 2502 inter
1234 2488 1275 2492 —
1288 2477 1403 2510 castra,
1413 2468 1507 2500 beide
1517 2468 1620 2500 Heere

947 2516 1063 2557 lagern
1082 2517 1164 2547 noch
1184 2516 1217 2546 in
1232 2515 1290 2546 der
1299 2514 1394 2546 N'zihe
1404 2524 1468 2545 von
1478 2513 1620 2556 Hypata.
