1715 2723
0 0 4 90 l

0 114 2 164 l

0 169 2 200 ι

0 209 2 236 l

44 128 72 146 a.
94 119 146 147 ch.
166 119 223 144 189.

491 117 614 150 LIBER
638 116 815 150 XXXVII.

852 116 944 148 CAP.
971 119 1023 150 56.
1375 113 1459 155 259

0 256 1 270 ,
47 221 312 268 Telmessium,
344 226 496 271 praeter
516 232 664 271 agrum,
694 219 760 271 qui
780 219 987 258 Ptolemaei
1008 217 1207 257 Telmessii
1228 217 1364 256 fnisset
1383 229 1458 254 -—:

46 280 139 318 haec
167 277 317 324 omnia,
349 289 446 328 quae
474 289 591 327 supra
622 282 713 314 sunt
742 275 901 325 scripta,
928 274 1008 325 regi
1036 274 1200 313 Eumeni
1230 273 1334 312 iussa
1365 272 1457 311 dari.

44 334 204 375 Rhodiis
222 333 337 385 Lycia
368 334 452 372 data
472 338 577 372 extra
602 332 771 370 eundem
801 332 1043 370 Telmessum
1072 336 1108 369 et
1132 336 1252 368 castra
1282 329 1456 368 Telmes—
1477 338 1496 370 5

45 391 146 430 sium
177 396 214 429 et
236 402 383 441 agrum,
414 389 480 440 qui
501 388 707 427 Ptolemaei
728 388 927 426 Telmessii
948 387 1101 425 fuisset:
1132 386 1226 424 haec
1250 391 1286 424 et
1306 385 1351 424 ab
1374 386 1455 424 Eu-

44 459 159 485 mene
198 453 234 485 et
272 446 432 485 Rhodiis
474 450 641 495 excepta.

701 456 743 482 ea
783 455 942 494 quoque
982 443 1041 481 his
1084 455 1174 493 pars
1204 442 1332 481 Cariae
1361 442 1496 488 data,ss

45 515 144 554 quae
185 504 347 553 propior
377 501 559 541 Rhodum
595 500 760 538 insulam
791 504 897 538 trans
928 499 1179 537 Maeandrum
1208 511 1363 537 amnem
1389 504 1457 545 est,

45 559 206 610 oppida,
239 559 322 605 vici,
353 558 513 603 oastella,
544 557 635 607 agri,
667 557 734 606 qui
764 555 809 594 ad
840 555 1022 593 Pisidiam
1053 560 1229 606 vergunt,
1255 555 1329 593 nisi
1360 567 1457 605 quae

45 628 183 654 eorum
212 615 351 666 oppida
381 615 421 653 in
448 613 619 651 libertate
651 612 814 650 fuissent
841 611 977 662 pridie,
1008 623 1125 662 quam
1157 623 1247 649 oum
1267 611 1458 649 Antiocho

44 684 135 722 rege
161 672 200 709 in
226 671 314 709 Asia
344 675 558 721 pugnatum
590 674 655 707 est.

154 727 231 765 Pro
266 727 324 765 his
351 739 440 765 cum
462 726 598 777 gratias
619 725 787 775 egissent
807 723 960 769 Rhodii,
983 723 1030 761 de
1052 722 1150 761 Solis
1172 722 1280 769 urbe,
1302 734 1398 773 quae
1419 723 1458 760 in
1479 734 1499 765 7

43 783 169 823 Cilicia
197 788 264 829 est,
293 788 474 834 egerunt:
505 782 617 833 Argis
638 786 675 819 et
694 781 791 826 illos,
822 780 921 818 siout
942 791 1038 826 sese,
1065 779 1253 817 oriundos
1275 791 1381 825 esse3
1412 779 1458 817 ab

44 852 86 878 ea
108 840 356 891 germanitate
377 841 586 877 fraternam
610 837 681 876 Sibi
701 849 791 875 enm
811 836 857 875 iis
880 836 1074 874 caritatem
1097 848 1202 882 esse,
1232 841 1362 885 petere
1384 836 1459 874 hoo

43 896 389 935 extraordinarium
418 907 572 941 munus,
603 899 646 933 ut
665 906 748 932 eam
773 893 962 931 civitatem
983 904 1029 930 ex
1049 892 1231 930 servitute
1252 892 1354 942 regia
1375 892 1457 930 exi-

45 959 205 991 merent.
250 952 373 990 vocati
403 957 493 990 sunt
521 951 630 1001 legati
655 950 754 1000 regis
776 948 967 995 Antiochi,
996 954 1203 998 actumque
1226 960 1316 986 oum
1335 948 1381 986 iis
1403 955 1459 987 est
1478 956 1497 987 8

44 1089 188 1126 genannt
220 1084 306 1127 sein,
342 1085 410 1125 vgl.
442 1084 560 1115 Strabo
590 1086 647 1121 14,
687 1085 714 1120 1,

43 1132 86 1163 46
126 1141 155 1171 p.
196 1131 280 1173 650,
324 1129 406 1161 Plin.
457 1132 493 1171 5,
534 1130 595 1167 29,
635 1131 714 1161 105:

42 1177 238 1215 Hydrelitae.
269 1193 308 1198 ——
333 1178 377 1207 ad
389 1177 570 1213 Maeandr„
598 1174 648 1205 bis
674 1184 714 1205 an

44 1221 106 1252 den
147 1220 323 1262 M‘iander,
372 1231 407 1252 so
451 1221 525 1261 dass
566 1219 714 1251 derselbe

42 1265 171 1297 siidlioh
189 1265 240 1297 die
252 1265 379 1297 Grenze
395 1265 509 1303 bildet,
525 1264 594 1296 Pol.
609 1275 635 1296 c
654 1267 714 1297 24;

42 1307 141 1352 πλὴν
184 1313 330 1348 Λικιας
375 1313 436 1343 καὶ
478 1313 620 1355 Καοιας
669 1322 713 1342 τα

41 1360 179 1402 μέχρι
200 1356 263 1389 τοῦ
277 1352 507 1402 ΝΙαιανὸροι
528 1355 713 1400 ποταμοῦ,

43 1402 99 1433 der
131 1387 272 1433 schmale
305 1400 412 1432 Streif
441 1388 600 1432 noidlich
639 1410 713 1431 vom

40 1445 209 1479 Maander.
233 1464 278 1470 —
312 1448 615 1487 Telmess.,(:.16,
654 1447 713 1486 13,

43 1493 96 1530 38,
125 1494 178 1533 39,
204 1493 242 1535 3;
274 1493 332 1535 133
356 1492 476 1523 Strabo
504 1494 556 1532 14,
582 1492 612 1531 3,
639 1494 659 1525 4
683 1502 713 1533 p.

42 1539 124 1571 665:
155 1518 403 1581 Τελεμησσός;
428 1537 509 1569 Plin.
526 1538 624 1577 5,29,
639 1538 712 1574 102,

41 1582 86 1615 ist
117 1593 182 1614 von
216 1583 277 1615 den
316 1587 500 1624 genannten
539 1581 713 1623 Gegenden

42 1628 122 1660 weit
167 1627 330 1668 entfernt,
380 1628 451 1660 eine
498 1626 713 1659 Hiistenstadt

42 1672 202 1716 Lyciens,
248 1684 289 1705 an
321 1674 391 1705 dem
420 1673 507 1713 jetzt
536 1672 617 1704 Golf
648 1683 713 1703 von

41 1718 160 1762 Makry
203 1723 386 1760 genannteu
422 1718 616 1750 Meerbusen
658 1716 717 1749 auf

42 1764 146 1796 einem
178 1765 371 1807 Vorsprung
412 1765 466 1795 des
500 1763 647 1805 Hragus,
690 1774 714 1794 s.

41 1809 152 1842 Ritter
177 1812 207 1849 2,
234 1811 298 1843 943
314 1810 364 1849 ff.;
389 1809 547 1841 Eumenes
568 1809 715 1849 gewinnt

41 1865 77 1887 so
111 1855 205 1887 einen
237 1855 416 1896 wiehtigen
444 1854 546 1886 Hafen
578 1855 610 1885 in
643 1855 714 1885 dem

41 1900 211 1942 lycischen
254 1901 372 1933 Meere.
420 1918 462 1922 —
503 1902 714 1940 Telmessium,

42 1946 171 1977 soheint
194 1956 309 1987 wegen
333 1947 495 1978 Telmessii
515 1960 559 1972 =
585 1948 714 1978 Telmes-

42 1994 161 2022 siorum
184 2002 224 2022 zu
246 1993 369 2023 stehen.
385 1993 533 2030 —Ptol.‚
558 1990 601 2022 ist
624 1995 715 2022 sonst

43 2036 136 2066 nicht
163 2035 315 2068 bekannt.
357 2054 400 2059 —
441 2040 570 2068 eandem
603 2039 636 2068 T.
671 2036 715 2067 ist

43 2081 292 2121 ungewiihnlich
328 2086 413 2113 statt
445 2084 587 2120 eandem,
621 2080 714 2113 Neue

45 2128 84 2167 2,
121 2128 195 2159 655.
227 2144 271 2149 —
301 2129 374 2159 leaeo
410 2130 514 2167 iussa,
560 2127 611 2158 ‹lie
644 2126 711 2157 Ab-

43 2171 217 2212 weichung
248 2182 311 2203 von
345 2172 402 2203 der
434 2172 620 2204 Construct.
648 2174 715 2212 Ly-

42 2220 183 2249 caoniam
211 2221 274 2248 etc.
306 2217 351 2248 ist
376 2218 476 2249 durch
501 2219 558 2249 das
586 2228 714 2249 zusam-

42 2261 267 2294 menfassende
286 2265 368 2304 leaeo,
390 2274 415 2294 s.
439 2265 467 2305 1,
486 2266 539 2302 35,
553 2265 584 2303 6,
611 2267 714 2294 etwas

44 2308 228 2349 gemildert.

91 2355 188 2386 5-6.
215 2355 289 2385 leaeo
308 2360 433 2386 et—et
456 2354 594 2395 ktinnen,
620 2363 714 2385 wenn

44 2398 96 2430 die
133 2399 251 2431 Worte
296 2399 417 2439 riehtig
456 2399 539 2437 sind,
579 2410 640 2430 nur
678 2409 714 2430 so

44 2444 243 2475 verstanden
276 2445 424 2476 werden:
458 2445 546 2476 diese
579 2444 714 2476 wurden

45 2488 134 2521 eines
157 2489 269 2521 Theils
298 2490 344 2531 (in
380 2490 488 2530 Bezug
521 2488 580 2521 auf
604 2501 715 2531 ayt-um

43 2552 86 2557 —
103 2535 238 2577 fnisset)
255 2534 425 2575 Eumenes,
445 2535 586 2567 anderen
603 2534 713 2567 Theils

274 2584 287 2599 F

784 1083 829 1123 (in
855 1083 962 1122 Bezug
987 1080 1047 1112 auf
1060 1079 1240 1113 Telmesson
1265 1100 1309 1103 —
1324 1083 1458 1122 fuisset)

785 1129 845 1159 den
880 1127 1046 1158 Rhodiern
1079 1130 1259 1167 entzogen‚
1287 1137 1351 1158 von
1377 1128 1458 1169 dem,

785 1183 855 1204 was
871 1173 966 1204 Beide
992 1171 1163 1213 erhielten,
1190 1182 1458 1213 ausgenommen3

783 1219 867 1249 doeh
893 1218 936 1248 ist
960 1218 1018 1249 der
1043 1216 1217 1248 Ausdruck
1252 1218 1341 1252 nicht
1374 1218 1458 1249 klar.

783 1282 825 1286 ——
855 1265 892 1295 ab
917 1265 1010 1295 Eum.
1037 1266 1096 1294 eto.
1136 1266 1238 1293 statt:
1274 1274 1339 1295 von
1375 1263 1458 1303 dem,

783 1319 854 1340 was
886 1308 983 1339 ihnen
1016 1307 1160 1348 gegeben
1203 1309 1333 1348 wurde,
1379 1319 1403 1340 s.
1431 1319 1458 1340 o.

784 1356 837 1393 54,
870 1355 919 1386 12.
948 1371 990 1375 —
1017 1360 1044 1385 et
1066 1355 1167 1385 Blefod.
1188 1354 1270 1384 ohne
1291 1356 1328 1385 ab
1353 1365 1378 1386 s.
1406 1355 1459 1393 31,

784 1402 814 1439 5,
841 1401 879 1441 53
906 1401 967 1437 37,
995 1401 1032 1436 7,
1068 1400 1107 1431 16
1143 1410 1174 1430 u.
1209 1408 1238 1430 a.
1263 1416 1308 1422 ——
1333 1411 1367 1431 ea
1394 1400 1459 1430 und

781 1447 893 1477 Cariae
916 1444 988 1476 sind
1013 1455 1053 1475 zu
1077 1444 1236 1485 betonen,
1276 1444 1461 1476 deutlicher

782 1490 874 1522 ware
920 1492 1029 1521 Cariae
1067 1501 1192 1530 quoq-cce
1234 1501 1268 1521 ea
1299 1502 1390 1530 pars.
1414 1509 1459 1513 —

774 1547 856 1575 pars
878 1535 911 1566 in
930 1536 1037 1575 ssezug
1057 1534 1116 1566 auf
1136 1536 1197 1566 den
1223 1537 1241 1575 ξ
1269 1537 1288 1568 3
1314 1546 1458 1577 genaun-

782 1585 856 1623 ten,
898 1581 966 1621 vgl.
1008 1580 1059 1611 die
1095 1580 1198 1612 stelle
1242 1591 1300 1612 aus
1341 1580 1457 1624 Polyb.

783 1628 800 1665 ἓ
827 1628 855 1658 3.
886 1644 922 1648 -
949 1628 1063 1665 oppida
1083 1644 1125 1647 -—
1142 1632 1285 1668 1υιηζιμιφῑέ,
1310 1626 1408 1668 Wie§
1425 1630 1457 1669 4,

784 1673 842 1703 der
891 1670 1051 1703 iistliche‘
1080 1670 1196 1714 Thei13
1245 1672 1327 1702 doeh
1374 1672 1459 1713 liegt

783 1717 947 1749 zwisehen
974 1716 1092 1748 Carien
1118 1717 1181 1748 und
1212 1716 1355 1749 Pisidien
1386 1728 1457 1749 zum

783 1762 878 1794 Theil
897 1762 948 1794 die
964 1761 1123 1793 Eumenes
1141 1763 1306 1802 gegebene
1322 1762 1456 1805 Milyas,

784 1819 808 1839 S.
839 1811 892 1847 38,
923 1810 976 1844 39„
1006 1809 1055 1840 16.

830 1856 949 1886 7—10.
991 1856 1078 1894 eya'ss.
1116 1870 1161 1876 »-
1197 1859 1327 1894 efferunt
1367 1854 1457 1885 steht

783 1900 849 1930 Wol
892 1898 1088 1930 absiohtlieh
1127 1898 1159 1929 in
1204 1898 1459 1930 verschiedener

783 1944 973 1985 Bedeutung
998 1944 1099 1975 neben
1125 1944 1456 1983 &usiadem—Solis,

783 2000 807 2022 s.
834 1991 887 2029 33,
916 1991 970 2031 20,
989 1991 1020 2028 4,
1042 2000 1081 2021 an
1100 1989 1157 2021 der
1175 1989 1338 2021 o'stlichen
1352 1988 1456 2021 Riiste

784 2034 948 2075 Ciliciens,
973 2035 1131 2066 wahrend
1156 2036 1238 2066 nach
1258 2036 1310 2076 38,
1333 2036 1387 2076 39,
1417 2037 1455 2068 17

782 2082 881 2112 sehon
930 2082 986 2111 das
1041 2080 1120 2112 weit
1165 2081 1257 2112 mehr
1304 2081 1458 2112 westlich

782 2126 932 2167 liegende
960 2125 1174 2168 Pamphylieu
1207 2126 1341 2167 sti-eitig
1375 2136 1457 2157 war.

782 2189 826 2193 —
851 2178 879 2204 et
903 2189 948 2194 --
973 2175 1070 2212 sieut,
1096 2171 1128 2202 in
1154 2172 1301 2212 gleicher
1331 2171 1456 2213 W'eise,

783 2216 846 2248 wie
873 2217 931 2257 sie,
952 2218 1036 2248 auch
1056 2217 1145 2257 jene,
1170 2228 1196 2248 S.
1224 2220 1254 2258 7,
1281 2220 1310 2258 5,
1335 2218 1376 2255 9,·
1401 2218 1456 2257 36,

783 2264 837 2303 26,
864 2265 894 2303 2,
922 2263 989 2303 vgl.
1016 2264 1071 2304 42,
1104 2264 1153 2304 15,
1179 2264 1210 2296 2.
1243 2280 1281 2284 ——-
1303 2273 1455 2304 yerman„

783 2307 834 2340 die
857 2308 1091 2348 Abstammung
1116 2318 1179 2339 von
1204 2307 1353 2349 gleichen
1368 2307 1456 2340 Vor—

783 2352 908 2393 fahren,
935 2364 959 2385 S.
988 2356 1041 2393 40,
1070 2355 1100 2395 S,
1129 2355 1187 2395 103
1212 2354 1378 2393 fraterna,
1404 2353 1457 2384 die

782 2399 989 2431 h1ude1l1che
1015 2398 1213 2439 Gesinuung.
1238 2416 1281 2421 —-
1306 2410 1343 2430 ex
1366 2410 1443 2431 sev-,v
1438 2423 1457 2438 ,

784 2444 853 2477 Pol.
871 2455 896 2477 0.
920 2447 974 2485 24,
1004 2446 1061 2477 12·
1087 2448 1213 2497 regesi
1239 2443 1372 2481 αὐτοῖς
1396 2445 1460 2486 τῆς

785 2491 996 2537 &aav‘fflfflm
1054 2486 1126 2522 ὑπὸ
1168 2487 1364 2535 Pwum'an.
1414 2508 1457 2511 -—

782 2543 883 2568 aetum
926 2540 1003 2576 ete,
1062 2545 1205 2576 genaner
1232 2522 1310 2566 Pol
1353 2535 1374 2566 l.
1417 2535 1458 2567 l.:

1155 2590 1220 2624 17*
