1715 2723
129 862 146 892 κ]

644 131 770 165 LIBER
785 131 943 165 XXXIII.
968 131 1062 165 CAP.
1080 131 1111 163 6.
1434 147 1459 164 a.
1475 147 1503 164 u.
1518 139 1583 166 557.

178 137 257 178 188

174 250 259 279 sam
285 241 366 276 erat
390 248 471 275 rex.
518 234 660 274 certior
686 235 764 274 iam
789 234 916 274 factus
943 234 1166 273 Romanum
1194 232 1239 271 ab
1266 233 1410 273 Thebis
1437 234 1584 274 Pheras

176 294 359 339 movisse,
381 291 539 343 defungi
560 304 676 343 quam
696 291 868 343 primum
888 295 926 329 et
946 290 1030 341 ipse
1051 289 1261 328 certamine
1283 290 1442 341 cupiens
1462 290 1580 330 duce-

176 363 218 390 re
239 349 287 389 ad
305 349 461 388 hostem
481 348 618 399 pergit,
641 352 678 386 et
697 360 754 386 1111
775 346 878 385 milia
897 347 978 385 fere
999 358 1019 385 a
1040 345 1177 384 Pheris
1193 346 1324 396 posuit
1347 350 1483 385 castra.
1520 347 1581 384 in-

176 407 223 445 de
239 410 395 457 postero
413 404 472 443 die
489 416 579 443 cum
595 403 762 455 expediti
776 403 972 453 utrimque
988 402 1035 441 ad
1052 401 1297 452 occupandos
1312 414 1430 453 super
1442 402 1583 442 urbem

175 461 350 501 tumulos
363 460 656 512 processissent,
673 459 756 511 pari
770 459 894 498 ferme
909 457 1108 497 intervallo
1124 457 1171 497 ab
1187 457 1289 509 iugo,
1306 458 1411 509 quod
1427 458 1584 510 capien-

177 518 271 557 dum
292 522 384 564 erat,
407 529 496 555 cum
516 516 619 555 inter
635 528 675 554 se
692 515 890 566 conspecti
905 519 1046 561 essent,
1070 514 1341 561 constiterunt,
1362 514 1522 554 nuntios
1542 514 1584 553 in

177 579 303 614 castra
320 573 519 619 remissos,
542 572 620 623 qui,
643 571 734 622 quid
755 571 840 618 sibi,
862 571 1045 622 quoniam
1066 574 1220 621 praeter
1239 583 1351 622 spem
1370 570 1494 610 hostis
1516 583 1584 609 oc-

176 630 374 676 currisset,
390 628 610 668 faciendum
628 632 741 674 esset,
763 628 1020 673 consulerent,
1043 626 1161 677 quieti
1177 626 1435 678 opperientes.
1466 631 1505 665 et
1519 626 1585 666 1110

176 687 334 738 quidem
355 685 415 724 die
435 685 541 724 nullo
566 684 661 723 inito
687 684 896 723 certamine
913 683 954 722 in
969 687 1095 722 castra
1109 683 1277 722 revocati
1293 688 1404 731 sunt,
1425 687 1585 734 postero

177 743 238 782 die
259 742 358 782 circa
377 741 537 780 eosdem
557 740 728 779 tumulos
749 744 927 791 equestre
942 739 1134 791 proelium
1154 739 1240 786 fuit,
1262 739 1301 777 in
1319 752 1396 790 quo
1413 750 1494 777 non
1509 739 1588 777 mi-

175 799 328 838 nimum
351 797 579 836 Aetolorum
608 808 725 848 opera
752 796 847 846 regii
872 796 994 846 fugati
1020 799 1136 846 atque
1163 795 1202 833 in
1231 800 1357 835 castra
1392 794 1585 847 compulsi

179 860 280 894 sunt.
322 865 508 904 magnum
534 852 704 903 utrisque
732 851 1058 902 impedimentum
1085 851 1133 889 ad
1159 863 1244 890 rem
1272 851 1478 902 gerendam
1510 850 1587 890 fuit

177 923 266 962 ager
286 909 460 949 consitus
489 907 633 946 crebris
656 907 860 946 arboribus
880 907 1075 957 hortique,
1096 911 1141 945 ut
1163 907 1203 945 in
1224 907 1456 946 suburbanis
1476 907 1585 955 locis,

177 971 215 1006 et
237 970 406 1005 coartata
427 964 564 1003 itinera
582 963 756 1002 maceriis
777 968 817 1002 et
837 963 1064 1013 quibusdam
1087 962 1180 1001 locis
1202 963 1420 1002 interclusa.
1455 963 1587 1014 itaque

175 1023 321 1075 pariter
347 1021 510 1060 ducibus
537 1020 741 1059 consilium
768 1019 842 1058 fuit
861 1019 1071 1058 excedendi
1091 1031 1135 1057 ea
1155 1019 1330 1071 regione,
1358 1024 1398 1058 et
1417 1019 1521 1058 velut
1541 1031 1588 1057 ex

175 1078 372 1131 praedicto
394 1077 509 1116 ambo
533 1076 739 1116 Scotusam
759 1075 972 1128 petierunt,
1001 1075 1201 1126 Philippus
1228 1088 1296 1127 spe
1322 1075 1586 1115 frumentandi

178 1167 417 1200 nordwestlich
444 1177 509 1198 von
538 1165 681 1205 Pherae,
709 1176 761 1198 am
784 1164 847 1196 Pe-

177 1223 278 1253 neuS,
300 1217 383 1244 statt
405 1212 496 1243 circa
518 1211 575 1242 hat
593 1210 630 1242 L.
648 1211 740 1242 viell.
758 1213 846 1242 citra

177 1258 406 1300 geschrieben.
422 1274 464 1279 ——
477 1257 635 1295 movisse,
651 1266 678 1288 s.
693 1267 735 1287 zu
748 1266 774 1287 c.
789 1255 844 1295 44,

178 1304 211 1335 4.
235 1321 279 1326 —
300 1302 460 1344 defungi,
484 1312 511 1332 s.
529 1302 560 1340 5,
586 1301 617 1340 5,
636 1301 673 1339 73
699 1301 759 1331 den
779 1298 845 1331 Ge-

178 1348 308 1380 danken
331 1348 388 1378 hat
405 1346 442 1377 L.
463 1350 653 1387 zugesetzt,
676 1344 746 1376 Pol.
765 1355 844 1376 nur:

178 1389 407 1436 ποιούμενος
435 1387 500 1433 τὴν
529 1391 688 1432 πορείαν
711 1387 759 1425 ὠς
781 1388 845 1422 ἐπὶ

177 1434 242 1474 τὰς
260 1433 393 1483 Φεράς.
423 1454 467 1459 -
500 1438 531 1466 et
559 1437 632 1477 ipse
659 1435 778 1475 gehb'rt
803 1445 843 1465 zu

177 1484 332 1525 cupiens,
367 1491 425 1514 aus
454 1481 526 1512 dem
554 1480 752 1513 Vorriicken
786 1480 844 1510 der

176 1527 297 1559 Rtimer
329 1526 486 1558 schliesst
515 1536 567 1565 er,
600 1525 677 1556 dass
706 1524 754 1556 sie
783 1525 845 1555 den

176 1570 300 1614 Kampf
324 1572 457 1603 wollen.
491 1588 535 1592 —
567 1570 641 1601 duc.
670 1588 692 1591 —
717 1571 843 1611 pergit,

176 1617 240 1648 wie
268 1627 334 1649 von
354 1616 450 1647 Dium
474 1615 557 1646 nach
579 1614 734 1653 Larissa,
763 1614 845 1645 {ihu-

176 1662 242 1694 lich
259 1664 310 1694 ire
327 1662 446 1704 pergit
475 1660 533 1699 26,
561 1660 623 1699 217,
653 1660 671 1690 3
695 1670 726 1690 u.
752 1670 782 1692 0.
805 1676 845 1680 —

175 1717 280 1750 super
296 1707 426 1745 urbem,
450 1705 532 1736 nach
550 1704 651 1736 Osten
677 1714 742 1735 von
760 1702 844 1734 Phe-

176 1762 234 1784 rae
251 1752 297 1783 ist
314 1751 366 1782 ein
387 1751 553 1790 niedriger
570 1749 760 1789 Hiihenzug‚
784 1749 844 1779 der

177 1797 266 1828 viell.
284 1796 427 1837 genieint
444 1796 499 1827 ist.
533 1794 616 1826 Dass
635 1793 719 1825 Phil.
737 1793 844 1825 selbst

176 1852 235 1873 aus
258 1842 328 1873 dem
347 1840 456 1880 hager
479 1840 619 1881 geriickt
641 1838 706 1880 sei,
730 1839 786 1870 hat
804 1838 840 1869 L.

176 1886 267 1917 nicht
299 1886 460 1917 erw'ahnt.
495 1902 538 1907 —
571 1886 660 1915 inter
686 1895 721 1914 se
749 1893 775 1914 c.
802 1895 843 1923 e.,

177 1930 198 1972 ξ
228 1931 265 1969 9,
298 1931 346 1961 510
380 1929 516 1960 wurden
548 1928 755 1969 gegenseitig
787 1938 842 1959 cr-

176 1975 297 2014 blickt;
314 1985 335 2006 α
352 1986 387 2009 se
402 1972 647 2014 hinzuzufiigcn
664 1983 736 2004 war
753 1973 842 2005 nicht

176 2020 307 2061 nothig3
337 2020 418 2050 do'ch
444 2019 488 2050 ist
509 2019 568 2049 das
592 2018 764 2049 Passivum
789 2018 841 2049 bei

175 2067 267 2097 inter
288 2076 324 2096 se
349 2064 510 2102 seltener,
535 2063 603 2102 vgl.
628 2062 695 2093 Cic.
720 2062 790 2094 Cat.
811 2063 841 2102 3,

177 2111 207 2150 5,
225 2109 280 2141 13:
298 2111 388 2141 intel·
399 2119 472 2140 sese
485 2107 731 2150 adspicz'ebant3
751 2107 841 2148 P01.j:

174 2152 425 2197 προϊδόμενοι
462 2152 562 2197 σᾳᾶς
600 2150 731 2187 αὐτοὺς
767 2149 840 2183 ὑπὸ

175 2197 240 2240 τὴν
258 2195 400 2243 ὄρφνην
417 2197 455 2230 ἐκ
473 2194 573 2229 πάνυ
588 2198 743 2239 βραχέος
761 2195 841 2228 δια-

176 2241 372 2286 στήματος.
397 2261 441 2266 —-—
464 2244 668 2274 occurrisset
692 2261 712 2264 —
740 2244 839 2281 esset,

175 2289 364 2321 consuleret
396 2288 469 2319 eine
502 2289 598 2318 harte
627 2286 840 2318 Zusannncn-

176 2334 321 2374 stellung
344 2334 403 2364 der
419 2333 593 2364 Pr'adicatc
611 2332 670 2363 der
688 2342 752 2363 von
769 2332 839 2362 ein-

174 2379 277 2410 ander
305 2378 512 2419 abh'zingigen
542 2377 656 2413 S'zitze,
689 2376 757 2417 vgl.
784 2377 838 2415 42,

175 2423 229 2462 33,
253 2424 288 2454 3:
311 2424 525 2463 militassent,
547 2423 753 2462 habuissent,
779 2421 839 2452 ad-

173 2469 424 2507 tribuerentur3
444 2468 497 2508 38,
517 2467 570 2507 58,
588 2467 625 2507 83
644 2467 697 2506 32,
716 2467 766 2506 17,
788 2467 839 2498 11.

172 2530 216 2535 —
232 2515 346 2554 quieti,
364 2513 418 2553 43,
435 2513 465 2553 4,
480 2514 511 2544 4.

219 2557 250 2588 6.
280 2561 417 2600 postero
445 2576 467 2580 -
494 2557 584 2599 fuit,
613 2566 678 2588 von
701 2554 738 2587 L.
760 2566 838 2587 ver-

920 1165 1030 1197 kiirzt.
1047 1183 1089 1188 —
1106 1175 1172 1197 non
1189 1166 1332 1206 minim„
1356 1161 1423 1207 οὐχ
1441 1160 1586 1205 ἥκιστα,

918 1210 990 1242 eine
1008 1210 1141 1250 litotes,
1165 1210 1218 1242 bei
1241 1210 1302 1241 den
1326 1214 1426 1250 guten
1444 1208 1588 1241 Schrift-

918 1255 1058 1287 stellern
1087 1256 1211 1295 seiten,
1239 1255 1306 1295 vgl.
1331 1254 1463 1285 Cornel.
1488 1254 1585 1286 Dion.

922 1301 950 1340 1,
969 1301 1004 1331 2:
1029 1311 1113 1341 quae
1135 1310 1201 1331 non
1224 1301 1401 1331 minimum
1419 1309 1588 1331 commen-

919 1344 995 1384 (ἰαί,
1020 1344 1169 1377 Gronov.
1194 1345 1384 1376 vermuthet
1402 1354 1469 1375 non
1485 1346 1587 1376 mim*-

918 1401 984 1422 ma.
1002 1408 1047 1412 —
1061 1390 1192 1432 fugati,
1210 1390 1356 1431 dagegen
1373 1388 1492 1433 Polyb.
1515 1390 1590 1422 τῶν

921 1434 959 1467 δὲ
984 1436 1070 1480 περὶ
1094 1434 1159 1467 τὸν
1181 1431 1409 1478 Εὐπόλεμον
1431 1435 1497 1467 τὸν
1515 1435 1588 1467 Αἰ·

917 1477 1035 1512 τωλὸν
1074 1477 1263 1523 εὐρώστως
1298 1476 1590 1512 κινδυνευόντων

916 1525 977 1556 καὶ
994 1524 1340 1568 συιέκκαλουμένων
1363 1524 1447 1560 τοὺς
1460 1521 1586 1556 Ἰταλι-

916 1567 1002 1605 κοὺς
1019 1567 1115 1614 πρὸς
1134 1567 1199 1610 τὴν
1211 1570 1360 1614 χρείαν,
1385 1569 1586 1611 θλίβεσθαι

919 1614 1109 1656 συνέβαινε
1138 1611 1223 1649 τοὺς
1251 1610 1494 1650 ΛΙακεδόνας·
1524 1614 1585 1645 καὶ

917 1656 998 1691 τότε
1013 1657 1082 1703 μὲν
1100 1657 1162 1691 ἐπὶ
1180 1655 1299 1691 πολὺν
1310 1655 1453 1703 χρόνον
1475 1657 1587 1704 α’κρο·

915 1700 1156 1748 βολισάμειόι
1175 1702 1486 1749 διεχωρίσθησαν.

963 1748 1052 1781 7-9.
1087 1748 1269 1792 impedivi„
1293 1759 1318 1780 s.
1338 1748 1390 1790 22,
1415 1748 1467 1790 22,
1492 1749 1522 1780 7.
1539 1767 1584 1771 ——

916 1793 970 1833 ad,
995 1794 1049 1835 44,
1073 1794 1128 1833 46,
1152 1794 1188 1825 2:
1218 1793 1263 1825 ad
1284 1796 1426 1825 conatus
1443 1793 1586 1836 impedi·

917 1841 1027 1870 mento
1051 1841 1119 1877 θεέ,
1143 1839 1198 1879 40,
1223 1838 1276 1879 33,
1300 1838 1335 1869 6:
1359 1838 1405 1870 ad
1420 1840 1584 1870 resisten-

915 1883 994 1915 dum
1012 1882 1182 1926 impedit&
1207 1883 1272 1923 vgl.
1292 1883 1346 1922 31,
1363 1883 1416 1924 40,
1434 1883 1468 1914 9:
1485 1893 1583 1915 mora

914 1927 974 1966 ad3
1005 1930 1035 1967 5,
1066 1928 1119 1967 25,
1150 1927 1184 1958 3:
1214 1928 1347 1960 obstare
1371 1927 1417 1959 ad
1438 1939 1469 1960 u.
1491 1938 1520 1959 a.
1538 1946 1583 1951 -—

913 1974 1075 2013 consitus,
1097 1973 1156 2004 der
1173 1971 1333 2004 Umstand
1350 1973 1426 2004 dass
1444 1984 1475 2004 u.
1495 1983 1522 2013 s,
1540 1983 1581 2004 w.

914 2036 957 2040 —
970 2018 1070 2058 lzortz',
1094 2017 1270 2058 nochjetzt
1285 2018 1357 2049 sind
1373 2018 1426 2049 die
1440 2017 1581 2058 Giirten,

914 2063 1039 2094 welche
1062 2063 1116 2094 die
1140 2062 1256 2104 Quelle
1280 2063 1425 2106 Hyperia
1451 2063 1581 2094 11011115-

914 2112 995 2149 sert,
1019 2108 1092 2139 eine
1110 2107 1230 2139 Zierde
1253 2108 1311 2140 der
1330 2107 1474 2148 Gegend,
1497 2108 1582 2139 Bur-

914 2152 985 2184 sian
1012 2154 1039 2193 1,
1067 2153 1124 2192 693
1153 2153 1273 2195 lzorte'q.
1304 2172 1326 2175 -
1352 2154 1482 2195 intere„
1506 2152 1577 2184 Pol.

913 2208 990 2228 nur:
1025 2198 1175 2239 πληρεΐς
1207 2199 1395 2241 αἵμασιιῦν
1427 2199 1487 2228 καὶ
1516 2209 1579 2239 κη-

913 2244 1027 2281 πίων,
1050 2243 1108 2273 das
1126 2242 1267 2284 Uebrige
1286 2243 1342 2274 hat
1360 2242 1396 2274 L.
1416 2253 1476 2273 zur
1492 2242 1579 2274 Ver—

911 2287 1191 2328 anschaulichung
1207 2286 1436 2328 hinzugeffigt3
1456 2287 1575 2319 ebenso

912 2332 999 2363 velut
1017 2343 1061 2363 ea·
1076 2343 1142 2375 pr„
1161 2344 1186 2364 s.
1205 2344 1233 2364 c.
1252 2333 1304 2373 28,
1328 2333 1365 2371 43
1393 2333 1443 2371 10,
1466 2332 1521 2371 41,
1540 2332 1576 2363 9:

911 2379 1003 2408 omni
1017 2380 1077 2408 (lut
1093 2388 1139 2409 em
1154 2380 1232 2408 ante
1245 2379 1453 2420 praeparato
1465 2377 1553 2418 fimet
1566 2388 1576 2415 3

911 2422 965 2461 23,
983 2422 1036 2464 2¹³,
1054 2422 1089 2453 9:
1115 2433 1161 2453 ea:
1174 2425 1392 2464 praeparato,
1417 2431 1443 2452 s.
1462 2432 1503 2452 zu
1520 2421 1576 2461 21,

911 2467 963 2508 27,
982 2468 1013 2499 7.
1037 2486 1081 2489 -
1104 2466 1299 2505 Scotusam,
1328 2466 1481 2497 westlich
1509 2476 1574 2497 von

910 2511 1044 2542 Pherae.
1076 2531 1114 2534 —
1135 2513 1318 2554 frument.‚
1343 2511 1458 2552 Polyb.
1485 2521 1512 2542 c.
1535 2511 1572 2542 5:

909 2555 971 2588 ἐπὶ
994 2557 1262 2600 χορτολογιάνς
1293 2567 1319 2587 c.
1345 2556 1380 2588 4:
1417 2557 1525 2592 Τίτος
1553 2573 1574 2578 -

1682 1507 1708 1547 ,ξ’

1692 1409 1708 1437 J>
