1715 2723
152 112 234 155 394
502 106 646 140 Aerem
650 105 867 139 NOMMENE
893 103 1205 137 eoncTUREN.

158 217 197 254 1.‚
217 212 332 245 media.
359 212 411 251 36,
434 212 464 242 7.
482 212 532 242 rei
545 211 640 241 simul
664 207 790 247 Geleu„
817 217 844 238 r.
864 216 903 237 30
930 205 1036 237 51ιιιιι1.
1064 209 1116 246 36,
1137 207 1168 238 9.
1187 207 1383 240 Chalcioecon
1401 207 1572 246 (Chalcioe-

156 260 235 298 cum)
260 258 315 290 Fr.
346 258 386 295 1.‚
416 254 618 287 Calchioten.
666 254 720 293 37,
747 255 778 285 7.
805 253 907 284 Thoas
930 258 958 283 et
981 250 1129 291 Crevier,
1153 255 1186 282 et
1209 250 1329 284 Thoas.
1377 254 1430 293 38,
1460 254 1496 292 13
1517 254 1572 296 46,

156 305 274 345 9;50,
304 304 343 335 10
372 312 403 332 u.
430 310 460 332 3
506 300 661 339 Mwychz'o
686 277 755 338 G’¹.,1
790 296 931 339 Mvctilo
966 293 1166 339 (Myehitio).
1214 298 1267 337 38,
1295 299 1325 330 6.
1368 304 1397 330 ec
1430 301 1467 331 in
1487 277 1572 330 ⁷.⁷edd

158 360 224 390 vv.,
263 348 305 380 in
341 348 394 386 39,
432 347 459 378 1.
493 345 666 377 Chalcidico
694 342 771 383 W,
804 342 962 375 calchide.
1002 343 1056 384 43,
1079 343 1110 374 3.
1141 344 1227 374 tectis
1258 342 1330 374 edd.
1363 353 1430 384 vv„
1463 343 1571 376 lectis.

156 396 211 434 43,
250 395 280 427 8
316 394 455 424 Phalara
491 391 543 422 ed.
581 388 711 421 Mediol.
750 390 848 429 1505,
887 386 1039 419 Phalera
1086 388 1141 427 43,
1185 389 1217 421 9.
1257 389 1403 420 Lamiam
1439 387 1493 420 Fr.
1534 392 1572 429 1.‚

156 440 320 471 Lameam.
367 438 422 476 44,
456 437 486 468 2
510 435 660 476 suited.
691 433 791 474 Mog„
819 432 884 464 fuit
907 432 1021 475 primo.
1067 435 1123 472 44,
1157 435 1187 465 5.
1219 435 1299 465 viris
1327 435 1416 474 eqat's
1447 432 1502 465 Fr.
1528 437 1570 475 2.,

158 484 240 516 viris
277 482 441 524 equisque.
490 482 545 521 46,
582 482 612 512 7.
648 487 731 512 tutas
765 459 886 519 Duker,
918 482 1033 511 tutam.
1080 480 1135 519 47,
1171 479 1201 511 2.
1238 481 1359 518 placua
1396 481 1527 511 Boeotos
1551 479 1574 511 Ι.

156 527 357 567 Pmizonius,
381 526 515 569 placuit.
563 527 617 566 47,
646 528 676 558 5.
702 526 860 564 Apamam
887 523 967 565 sig,
990 503 1168 566 Apamia’m.
1216 525 1272 564 48,
1306 526 1335 557 3.
1368 535 1476 557 averso
1501 524 1572 563 W,

157 584 304 607 aversos
352 574 406 613 49,
433 573 462 605 8.
487 573 599 603 Dahas
625 571 697 602 edd.
728 580 781 602 vv.
786 570 936 609 ,1)3035.
978 570 1033 609 49,
1062 569 1111 601 13.
1141 571 1251 602 dicant
1275 569 1422 611 Crevier,
1451 570 1572 602 dicant.

157 622 210 661 50,
240 621 269 653 8.
294 625 322 651 et
345 619 382 649 ab
408 616 476 657 Gr.,
503 617 554 648 31).
583 619 636 656 50,
666 618 696 649 9
724 617 915 648 Hermaeum
939 614 1009 656 Gr,
1037 614 1217 647 {lm-,meum

245 662 410 696 XXXVI
440 665 468 697 1
497 664 523 696 1.
549 660 609 694 Μ.
635 663 778 694 Aciliam
793 661 873 702 Sig„
899 660 942 692 M.
960 660 1110 692 Acilium.
1147 661 1178 702 2,
1207 662 1234 693 1.
1254 662 1373 694 intento
1392 663 1436 692 ad
1454 663 1490 693 id
1504 661 1573 701 w„

157 710 264 742 adid.
297 709 340 740 ib.
369 710 419 741 15.
466 715 493 740 ει
523 710 559 739 in
582 706 636 739 Fr.
662 709 704 746 2.,
729 711 765 738 ut
789 707 822 738 in
851 707 916 747 (in).
965 708 996 745 3,
1027 708 1055 739 1.
1081 713 1107 738 et
1130 709 1166 738 in
1190 706 1238 738 ed
1267 706 1366 747 Mog.‚
1390 706 1434 738 in.
1483 708 1514 747 3
1549 723 1572 740 ι

154 757 303 788 nuntiarz
341 752 417 793 ΗΓ,
463 753 641 784 nuntiaret.
668 753 710 784 ib.
749 753 800 793 13,
847 759 882 785 ut
921 754 948 783 ii
986 751 1033 793 (at
1075 751 1122 791 hi)
1167 752 1314 792 Crevier,
1360 751 1420 783 uti.
1470 754 1575 793 4,1.

157 799 312 843 [Aeqypti
341 800 421 841 reye]
455 798 523 839 Gr.,
554 798 700 841 Aegypti
732 807 819 838 rege.
866 799 899 837 4,
934 799 962 829 5.
996 799 1135 829 modium
1162 818 1173 828 .
1205 800 1295 830 milia
1333 797 1400 836 W.
1433 798 1575 829 modium

157 847 194 879 D.
222 845 375 888 (modium
399 844 515 886 mille).
563 846 594 884 4,
619 846 649 877 6.
676 843 826 883 [snorum]
863 853 918 874 sao
936 842 1058 883 Duker,
1094 852 1227 874 suorum
1258 853 1326 875 suo.
1377 846 1407 882 5,
1441 845 1472 876 2.
1505 846 1579 876 Elei

157 891 349 930 Sabellicus,
383 889 485 922 Pelei.
534 889 577 920 ih.
611 891 820 928 Peloponneso
855 886 909 919 Fr.
952 890 991 927 1.‚
1029 886 1261 929 Peloponense.
1310 890 1341 928 5,
1367 890 1398 920 2.
1431 891 1577 920 illaturos

156 939 319 970 eredebant
338 936 410 967 edd.
431 945 496 975 vv„
522 934 687 966 illaturos.
738 936 768 973 7,
795 935 824 966 3.
852 935 885 965 in
910 936 1082 965 societatem
1106 935 1178 964 belli
1206 932 1261 964 Fr.
1285 934 1328 973 2.
1359 932 1440 964 belli
1463 933 1497 965 iu
1521 944 1577 965 50-

158 983 323 1014 cietatem.
372 983 404 1020 7,
431 982 460 1013 6.
488 959 539 1013 ⁷cai
561 983 591 1011 si
613 980 684 1013 edd
714 989 780 1015 xv.
809 978 918 1020 quisi.
953 981 983 1019 7,
1013 980 1064 1011 10.
1090 981 1148 1019 qui
1173 980 1253 1019 qaid
1276 978 1461 1016 Douiatius,
1486 979 1576 1020 quic-

157 1028 243 1070 quid.
292 1028 403 1066 7,13.
419 1027 515 1066 ferae
535 1024 660 1066 Geleu„
686 1024 840 1056 ut1e1ae
876 1026 906 1063 7,
937 1026 988 1057 16
1011 1026 1150 1056 Romani
1172 1024 1242 1055 edd.
1268 1034 1336 1064 vw,
1368 1034 1388 1055 a
1412 1024 1579 1057 Romanis.

160 1075 211 1114 10,
243 1074 276 1108 2.
300 1074 436 1104 Cierium
462 1070 693 1111 W.,Cierun1
747 1072 797 1109 10,
824 1072 862 1109 5,
891 1049 941 1109 1⁷3,
970 1071 1000 1102 4
1025 1071 1194 1102 Malloeam
1223 1076 1251 1101 el
1282 1071 1424 1110 Cyretias
1445 1069 1504 1103 Fr
1538 1072 1577 1110 1.‚

160 1118 350 1151 Malleolam
395 1121 428 1149 et
465 1096 654 1158 Cyiethias
703 1116 745 1147 ih.
783 1117 862 1155 cepzt
898 1121 926 1147 et
964 1115 1020 1147 W
1071 1115 1166 1157 cepit.
1194 1117 1223 1148 7
1257 1121 1362 1155 aperto
1397 1121 1424 1148 et
1455 1114 1577 1155 Dukffl,

163 1168 307 1207 apertae.
339 1165 390 1203 10,
420 1164 477 1201 10·
506 1164 556 1195 11.
584 1164 713 1194 Gonnos
738 1163 847 1193 Gonni
861 1160 1055 1201 Sabellicus,
1083 1160 1211 1192 Conuos
1237 1160 1350 1192 Conni.
1389 1163 1440 1200 11,
1467 1162 1576 1200 8:12,

158 1212 179 1243 4
210 1221 242 1242 ιι.
275 1220 305 1242 a.
338 1210 558 1242 Mnasilochus
596 1206 688 1250 lire}
691 1206 770 1248 ssig,
811 1206 1021 1238 Mansiloeus.
1075 1208 1126 1248 11,
1159 1207 1188 1238 9.
1223 1218 1362 1248 quaeqae
1387 1206 1456 1245 W„
1495 1216 1577 1248 quae

161 1255 318 1296 (quaeve).
371 1256 421 1293 12,
454 1255 483 1287 8.
510 1256 583 1285 dato
611 1256 640 1285 ez*
665 1253 736 1284 edd.
771 1262 840 1293 vv.,
871 1252 947 1283 dato
986 1251 1071 1283 enim
1101 1251 1215 1292 (dato).
1270 1253 1320 1285 13.
1355 1254 1384 1285 3.
1409 1253 1578 1284 Phaestum

159 1299 352 1338 Sabellicus,
391 1298 581 1331 Phaustmn.
634 1302 684 1338 14,
722 1300 750 1331 1.
785 1300 902 1340 viqzntz'
935 1296 1010 1336 Gr.,
1044 1297 1163 1329 decem.
1200 1297 1243 1329 ib.
1268 1300 1298 1331 4.
1330 1300 1396 1330 ioco
1432 1297 1579 1339 Aseens.,

158 1346 242 1377 loeo.
295 1347 346 1388 14,
372 1346 402 1377 6.
440 1347 542 1377 Cierio
569 1344 636 1384 W„
664 1343 784 1376 Cieria.
836 1346 886 1384 14,
920 1345 969 1376 12.
993 1345 1076 1375 circa
1111 1343 1166 1382 [ea]
1201 1342 1268 1383 Gr.,
1302 1343 1391 1374 cirea
1426 1353 1474 1375 ea.
1527 1345 1577 1381 14,

164 1393 213 1425 13.
238 1392 323 1424 misit
351 1390 499 1431 Madvig,
523 1390 623 1421 missi.
660 1392 710 1429 15,
736 1391 767 1422 2.
792 1390 937 1421 Lamiam
956 1388 1078 1429 Duker,
1104 1388 1178 1420 iam.
1220 1390 1270 1427 15,
1293 1390 1322 1421 9.
1345 1400 1434 1421 verso
1457 1388 1511 1420 Fr.
1533 1390 1576 1428 2.,

158 1447 267 1468 versa.
320 1438 371 1469 17.
397 1437 427 1468 6.
452 1438 514 1467 iam
539 1437 612 1467 inde
636 1435 781 1474 Ascens„
810 1434 875 1465 iam
899 1434 966 1465 ille.
1019 1436 1069 1474 19,
1097 1435 1127 1467 9.
1152 1436 1251 1475 effuso
1274 1433 1331 1464 Fr.
1357 1436 1399 1476 2.‚
1433 1432 1578 1465 confuso.

160 1483 214 1522 20,
241 1483 270 1515 2.
298 1484 331 1513 in
349 1488 461 1521 pacato
489 1481 558 1512 edd.
585 1491 651 1519 vv,
678 1484 806 1522 pacato.
856 1481 909 1520 20,
937 1482 966 1512 5.
999 1481 1177 1511 Thronium
1208 1478 1403 1521 Sabellicus,
1427 1478 1579 1510 Theron-

159 1532 240 1559 tum.
288 1528 331 1558 ib.
356 1531 512 1558 Acarnan
536 1526 589 1557 Fr.
623 1529 661 1566 1.‚
694 1526 913 1557 Acarnanum.
962 1527 1016 1565 21,
1053 1527 1080 1558 1.
1113 1527 1232 1557 Tenum
1269 1523 1436 1564 Glarean.,
1470 1523 1578 1556 Tene-

161 1574 245 1604 dum.
294 1574 347 1611 22,
378 1575 407 1604 7.
437 1574 546 1611 Asopo
582 1571 748 1609 Gla1·eau.,
784 1570 901 1601 Asoro.
949 1571 1004 1610 22,
1041 1572 1072 1602 7.
1109 1572 1146 1602 ab
1178 1581 1248 1601 arce
1276 1568 1344 1609 W„
1369 1579 1486 1601 arcem.
1534 1569 1578 1600 ib.

159 1630 224 1660 qua
248 1617 316 1658 Gr„
342 1627 435 1659 quae.
479 1619 532 1657 22,
552 1618 581 1650 S.
602 1628 616 1649 e
636 1618 760 1658 reqione
777 1615 845 1654 w„
866 1619 899 1647 et
918 1615 1084 1655 regionem
1103 1614 1158 1657 (a).
1193 1615 1236 1646 ib.
1256 1616 1346 1645 sinas
1362 1616 1497 1647 Maliaci
1511 1614 1579 1653 W.,

162 1664 235 1695 sinu
259 1662 416 1694 Malliaeo
445 1662 707 1703 (Mellaquoque).
757 1662 810 1701 22,
842 1663 892 1694 11.
917 1663 1048 1700 deserta,
1072 1671 1152 1701 quac
1177 1659 1245 1700 Gr.,
1273 1659 1479 1702 desertaque.
1524 1660 1578 1699 23,

165 1712 215 1742 10.
239 1711 322 1741 velat
347 1710 411 1748 ipsi
438 1719 560 1749 qaoque
586 1708 658 1739 edd.
690 1717 751 1746 vv„
779 1706 871 1738 velut
895 1716 951 1748 spe
976 1707 1039 1737 hac
1070 1705 1175 1744 (velut
1199 1705 1261 1747 ipsi
1283 1705 1356 1746 hoe,
1386 1705 1493 1746 huius,
1509 1705 1579 1746 vgl.

161 1757 217 1794 41,
242 1756 272 1791 2.
302 1755 339 1793 83
366 1756 397 1793 3,
422 1755 476 1793 66,
504 1752 548 1795 3).
597 1755 649 1793 24,
680 1755 709 1785 2.
737 1755 784 1784 Ti.
812 1753 1032 1791 Semproniam
1057 1751 1137 1792 sig..
1176 1750 1213 1782 T.
1242 1750 1475 1793 Sempronium.
1525 1753 1580 1793 24,

163 1802 192 1833 6.
218 1801 383 1832 semirutos
407 1799 475 1838 W.‚
501 1804 613 1830 erutos
638 1797 827 1837 (semiruta).
875 1799 929 1836 24,
956 1800 986 1832 8.
1004 1809 1070 1838 par
1093 1797 1166 1828 edd.
1199 1807 1263 1836 vv„
1296 1806 1383 1838 pars.
1432 1798 1486 1837 24,
1528 1798 1580 1830 12.

161 1846 300 1878 traditas
311 1846 395 1886 felic.
419 1844 506 1884 Ald.,
526 1844 684 1876 traditum
702 1842 723 1876 f.
749 1845 803 1883 27,
829 1845 857 1875 7.
874 1849 945 1876 etse
958 1861 1001 1866 —
1019 1844 1212 1884 adfuturam
1224 1841 1351 1884 Gelen.‚
1365 1846 1398 1874 et
1412 1860 1453 1866 —
1467 1841 1582 1884 profu-

163 1895 280 1922 turum.
329 1892 382 1931 27,
411 1892 439 1924 8.
463 1892 529 1922 illis
556 1891 626 1922 edd.
658 1900 725 1929 vv„
753 1888 821 1920 illic
850 1888 934 1929 (illi).
982 1890 1036 1931 28,
1062 1891 1091 1921 2.
1117 1891 1151 1920 in
1177 1899 1238 1930 quo
1263 1890 1298 1920 id
1322 1886 1447 1928 Gelen.,
1481 1887 1513 1918 in
1549 1887 1581 1918 id

164 1936 257 1977 quod.
308 1937 361 1975 28,
388 1938 418 1968 4.
443 1937 536 1967 habeo
560 1943 587 1968 te
610 1935 665 1966 Fr.
693 1936 734 1973 2.,
760 1934 864 1966 habeo
890 1934 941 1974 (te
952 1934 1084 1971 habeo).
1124 1935 1178 1973 28,
1205 1935 1235 1966 9.
1259 1936 1433 1966 conditioni
1454 1931 1581 1972 Geleu.,

165 1981 372 2012 conditionis.
424 1982 477 2019 31,
507 1983 536 2014 2.
559 1984 671 2013 etenim
694 1981 765 2012 edd.
793 1990 858 2020 vv„
886 1984 929 2012 et.
979 1981 1032 2019 31,
1055 1982 1084 2013 6.
1109 1981 1310 2019 Diophanem
1334 1978 1401 2020 Sig.
1434 1978 1579 2020 Diapha-

166 2037 246 2066 nem,
284 2026 402 2058 ebenso
429 2028 483 2068 31,
510 2029 527 2059 7
554 2038 583 2058 ιι.
608 2038 634 2058 5.
669 2037 709 2057 w.
744 2028 931 2058 Andaniam
966 2025 1019 2057 Fr.
1050 2027 1090 2067 1.‚
1114 2024 1307 2057 Endaniam.
1356 2026 1410 2064 32,
1437 2026 1467 2056 7.
1491 2026 1581 2056 Pelo-

158 2074 297 2112 ponnesz·
321 2079 394 2104 sant
420 2075 568 2104 terminos
593 2072 648 2103 Fr.
676 2074 715 2110 1.‚
740 2071 1017 2113 Peloponnensum
1041 2075 1092 2103 est
1116 2070 1267 2102 termino.
1307 2071 1360 2110 33,
1388 2071 1418 2103 3.
1443 2076 1581 2109 expecta-

164 2119 240 2150 bant
262 2116 316 2149 Fr.
342 2120 382 2157 1.‚
408 2122 623 2159 expectarent
648 2116 755 2160 (viell.
782 2117 825 2148 ist
849 2124 1008 2157 expectare
1031 2128 1071 2148 zu
1096 2115 1207 2153 lesen).
1256 2117 1309 2155 33,
1334 2118 1365 2148 4.
1400 2116 1490 2148 turba
1516 2122 1583 2147 erac

167 2165 212 2194 ibi
241 2164 401 2195 incondita
430 2162 486 2194 Fr.
511 2165 550 2198 2.,
583 2163 699 2194 turbae
734 2167 828 2193 erant
864 2162 909 2194 ibi
943 2162 1138 2193 inconditae.
1188 2163 1241 2202 33,
1273 2164 1302 2194 5.
1327 2164 1384 2202 qui
1415 2161 1486 2192 edd.
1514 2171 1581 2201 vv„

167 2208 251 2249 quia.
301 2210 354 2248 34,
380 2210 411 2240 2.
435 2211 489 2240 sed
511 2210 594 2248 [iam]
619 2208 765 2247 Ascens„
791 2208 846 2239 sed
871 2208 945 2240 iam.
987 2209 1039 2245 34.
1067 2209 1098 2241 6.
1124 2210 1291 2248 quicquam
1316 2206 1394 2247 sig„
1421 2205 1581 2248 quidnam.

167 2255 220 2292 35.
247 2256 278 2286 7.
301 2260 402 2286 actam
432 2260 476 2285 est
499 2254 569 2294 W.,
596 2258 703 2285 aetum
728 2257 770 2285 et.
810 2255 864 2294 35,
889 2256 918 2286 7.
937 2265 987 2285 res
1009 2274 1017 2283 .
1045 2256 1120 2294 qaia
1143 2252 1289 2293 Madvig,
1316 2262 1368 2284 res
1399 2251 1485 2293 quia.
1527 2253 1582 2290 36,

169 2300 199 2331 2.
227 2301 278 2330 uti
299 2302 335 2331 de
360 2298 430 2339 Gr„
455 2304 491 2330 ut
514 2299 579 2331 ide.
629 2301 682 2339 36,
709 2302 745 2339 43
775 2300 804 2331 6.
832 2301 869 2331 P.
894 2300 1076 2339 Sempronio
1100 2298 1181 2344 sig„
1215 2297 1251 2330 T.
1277 2297 1478 2340 Sempronio.
1527 2299 1582 2337 40,

169 2346 199 2376 2.
234 2347 377 2376 meritam
407 2343 463 2377 Fr.
492 2346 532 2383 2.,
564 2345 682 2376 merito
711 2344 869 2384 (meritis).
920 2347 973 2385 40,
999 2347 1029 2378 4.
1066 2351 1140 2385 quot
1177 2354 1246 2376 cam
1282 2342 1459 2382 Rubenius,
1501 2342 1585 2384 quod

169 2399 239 2420 eum
265 2390 351 2431 (tot).
399 2391 453 2429 41,
480 2392 509 2422 2.
534 2392 676 2422 dubitare
700 2389 755 2421 Fr.
785 2391 827 2425 2.,
853 2390 1033 2421 dubitabat.
1079 2391 1132 2430 42,
1160 2393 1190 2423 5.
1212 2390 1325 2421 Samen
1349 2388 1429 2430 Sig.,
1454 2387 1594 2419 Samum.

169 2434 314 2476 (tamen).
363 2436 416 2475 42,
447 2436 475 2468 8.
501 2438 667 2468 constratis
691 2435 810 2476 Duker,
844 2435 1007 2466 rostratis.
1056 2437 1110 2475 43,
1138 2433 1232 2476 2fgg.
1258 2436 1471 2475 Polyxenidas
1510 2432 1581 2463 edd.

169 2489 234 2520 vv.,
262 2479 492 2522 Polyxenidas.
540 2483 594 2521 43,
629 2484 657 2514 5.
690 2483 865 2520 superiores
890 2488 917 2513 et
945 2479 1070 2522 Gelen.,
1095 2480 1296 2523 superiorem
1321 2489 1391 2511 esse
1419 2477 1583 2519 (superior

170 2527 275 2565 esset).
332 2527 387 2568 43,
432 2528 481 2559 11.
521 2529 697 2560 ceciderant
729 2526 800 2558 edd.
838 2537 907 2564 vv„
946 2526 1143 2558 ceciderant.
1205 2528 1258 2567 43,
1310 2526 1361 2558 12.
1414 2524 1583 2556 Phocaeam
