1715 2723
191 73 273 116 120

607 71 733 104 LIBER
756 70 920 104 XXXVI.
947 70 1040 104 CAP.
1069 73 1118 106 18.

1146 74 1198 106 19,
1447 79 1474 101 a,
1493 79 1522 98 u.
1543 71 1609 98 56&

190 176 282 215 inde
311 187 358 214 ex
387 174 484 213 vallo
514 186 638 225 prope
657 174 820 213 alterum
842 173 983 213 vallum
1004 174 1121 213 hastis
1143 187 1235 225 prae
1257 187 1298 214 se
1320 175 1477 215 obiectis
1499 177 1605 215 fece-

153 238 171 269 7
192 237 296 272 runt.
338 236 374 270 et
401 231 452 269 ita
482 230 634 269 modica
660 230 817 269 altitudo
848 230 936 270 valli
966 236 1055 277 erat,
1085 236 1128 269 ut
1157 236 1194 270 et
1211 231 1340 270 locum
1362 232 1606 283 superiorem

193 289 272 328 suis
294 287 340 326 ad
360 286 616 337 pugnandum
637 286 848 337 praeheret,
871 292 908 326 et
927 293 1088 337 propter
1107 287 1387 338 longitudinem
1407 285 1614 327 hastarum.

154 360 173 392 g
192 344 409 383 subiectum
431 343 589 382 haberet
607 343 770 382 hostem.
800 343 911 382 multi
929 349 1074 382 temere
1097 343 1308 383 subeuntes
1325 345 1466 383 vallum
1476 350 1609 384 trans·-

192 400 257 438 fixi
281 405 394 446 sunt;
416 405 453 437 et
471 405 537 438 aut
557 399 709 450 incepto
734 399 842 438 irrito
864 400 1113 439 recessissent
1133 405 1198 438 aut
1216 400 1347 451 plures
1368 401 1613 448 cecidissent,

193 457 233 495 ni
261 456 310 495 M.
330 456 492 495 Porcius
523 456 569 495 ab
599 456 690 507 iugo
712 455 931 495 Callidromi
953 456 1108 495 deiectis
1137 456 1228 495 inde
1248 456 1390 495 Aetolis
1410 462 1448 496 et
1469 469 1608 508 magna

194 525 242 552 ex
273 517 380 563 parte
401 513 520 552 caesis
544 535 598 540 —-
621 513 796 551 incautos
815 513 920 551 enim
942 518 978 551 et
998 513 1205 564 plerosque
1225 512 1373 563 sopitos
1397 525 1608 564 oppresse-

117 574 173 614 19
192 575 250 608 rat
263 592 317 596 —-
334 581 453 620 super
474 569 743 608 imminentem
765 569 897 608 castris
920 569 1056 607 collem
1074 569 1325 620 apparuisset.
1366 569 1502 608 Flacco
1526 582 1608 608 non

193 625 327 665 eadem
342 627 506 665 >fortuna
528 625 574 664 ad
596 626 801 665 Tichiunta
817 631 853 664 et
863 625 1139 672 Rhoduntiam,
1163 625 1401 676 nequiquam
1418 625 1549 665 subire
1560 626 1609 664 ad

153 685 173 717 2
193 695 237 721 ea
257 682 407 721 castella
429 688 579 729 conato,
604 684 739 721 fuerat.
778 682 1006 721 Macedones
1029 682 1173 733 quique
1194 682 1255 720 alii
1276 682 1317 720 in
1339 682 1471 721 castris
1493 682 1610 733 regiis

194 745 304 778 erant
323 738 463 789 primo,
490 739 584 778 dum
607 738 745 789 procul
765 739 860 777 nihil
884 738 985 777 aliud
998 750 1114 789 quam
1126 738 1237 777 turha
1249 744 1286 777 et
1295 751 1432 790 agmen
1444 751 1611 790 appare-

154 801 174 834 3
193 795 267 842 hat,
284 795 440 834 Aetolos
453 795 611 833 credere
625 795 703 833 visa
715 795 853 845 procul
864 806 994 845 pugna
1005 794 1177 833 subsidio
1190 795 1343 841 venire,
1368 800 1552 842 ceterum,
1566 800 1610 834 ut

193 852 365 903 primum
387 852 571 903 signaque
592 857 628 890 et
649 863 755 889 arma
775 863 821 889 ex
844 851 1066 902 propinquo
1079 851 1228 902 cognita
1244 863 1420 890 errorem
1441 863 1609 902 aperue-

193 915 298 955 runt,
329 913 456 947 tantus
485 913 643 958 repente
673 920 794 958 pavor
824 907 950 945 omnis
974 907 1085 957 cepit,
1116 912 1159 945 ut
1178 907 1332 946 abiectis
1356 907 1472 945 armis
1496 909 1609 958 fuge-

153 971 292 1010 41e.nt
336 970 372 1003 et
402 964 644 1003 munimenta
675 963 871 1013 sequentis
901 963 1174 1014 impedierunt,
1205 969 1241 1002 et
1271 963 1467 1014 angustiae
1489 963 1613 1009 vallis,

193 1033 263 1072 pei
275 1032 402 1083 quam
426 1020 614 1083 sequendi
638 1025 757 1066 erant,
792 1025 828 1058 et
843 1019 1008 1058 maxime
1021 1020 1195 1059 omnium
1209 1019 1315 1070 quod
1328 1019 1517 1070 elephanti
1533 1031 1614 1058 no-

193 1077 339 1116 vissimi
370 1077 531 1128 agminis
563 1089 604 1115 ei
607 1082 682 1122 ant
715 1088 814 1126 quos
837 1076 955 1138 pedes
976 1088 1088 1126 aegre
1109 1076 1295 1127 praetem
1298 1089 1329 1123 e,
1356 1088 1479 1126 eques
1500 1076 1609 1114 nullo

194 1139 351 1196 Ροῑθιεη·
373 1133 490 1172 modo
518 1133 741 1171 timentibus
769 1132 878 1183 equis
908 1133 1200 1183 tumultumque
1228 1132 1329 1171 inter
1355 1145 1396 1171 se
1423 1145 1610 1171 n1a101em

155 1204 175 1235 5
195 1202 311 1241 quam
342 1190 382 1228 in
409 1189 556 1240 proelio
580 1189 804 1235 edentibus3
836 1189 1074 1239 aliquantum
1094 1189 1282 1240 temporis
1302 1195 1339 1228 et
1360 1188 1522 1240 direptio
1544 1201 1611 1227 ca-

195 1252 367 1285 strorum
389 1246 532 1285 tenuit:
567 1246 800 1297 Scarpheam
820 1251 948 1284 tamen
971 1258 1015 1284 eo
1039 1245 1099 1284 die
1121 1246 1319 1284 consecuti
1341 1251 1432 1284 sunt
1445 1245 1615 1284 hostem.

155 1311 175 1342 6
194 1303 323 1342 multis
344 1303 386 1342 in
406 1303 489 1354 ipso
511 1303 648 1342 itinere
670 1302 788 1340 caesis
811 1302 1020 1352 captisque,
1043 1314 1124 1340 non
1141 1303 1250 1352 equis
1265 1302 1436 1353 virisque
1447 1307 1618 1349 tantum,

193 1448 281 1480 sieht
304 1458 378 1479 man
402 1447 511 1485 nicht,
547 1447 611 1478 wie
640 1447 692 1479 die
718 1446 868 1478 Phalanx

194 1494 276 1525 ohne
314 1503 396 1534 ganz
429 1493 461 1524 in
495 1492 696 1533 Unordnung
733 1503 773 1523 zu
809 1501 867 1533 ge—

192 1540 321 1581 rathen,
348 1539 453 1570 dieses
475 1538 634 1570 Manover
667 1538 763 1569 hatte
791 1547 867 1569 aus-

192 1583 310 1617 fiihren
335 1584 474 1621 konnen,
500 1595 525 1615 s.
555 1585 610 1622 33,
636 1584 667 1625 S,
702 1584 759 1623 133
784 1583 868 1614 auch

193 1641 230 1662 eac
254 1632 333 1662 vallo
362 1647 406 1652 —-
429 1631 540 1669 praela.
571 1630 632 1660 hat
658 1628 739 1670 App.
766 1627 866 1659 nicht.

193 1678 296 1707 —z'ta
319 1677 411 1716 mod„
438 1685 463 1706 s.
493 1676 546 1715 35,
573 1675 627 1712 30,
657 1675 867 1707 11.—altera

193 1723 265 1753 vall.
290 1722 344 1762 31,
381 1722 434 1759 39,
477 1722 535 1762 103
571 1721 624 1759 32,
660 1721 711 1760 17,
748 1721 797 1752 14.
823 1736 867 1741 —

195 1769 261 1798 suis
283 1765 538 1807 eigenthiimlich
562 1763 621 1797 auf
640 1767 717 1797 valli
733 1766 866 1796 altitudo

197 1812 360 1852 hezogen3
386 1811 505 1843 ebenso
522 1813 588 1843 sub.
610 1812 722 1843 habere
734 1811 868 1842 hostem:

196 1857 253 1889 der
269 1858 353 1888 hohe
371 1856 414 1888 W
418 1856 464 1888 all
483 1857 552 1896 (der
567 1855 704 1896 Partei),
721 1855 867 1887 welcher

195 1902 243 1934 sie
273 1903 487 1943 angehtirten.
513 1920 554 1925 —-
585 1904 704 1943 lomim,
730 1902 783 1939 32,
815 1903 866 1938 17,

199 1949 251 1981 12.
276 1965 321 1970 --
344 1959 362 1978 r
377 1959 465 1984 eess.,
491 1947 580 1978 nicht
596 1949 700 1986 multi,
726 1946 867 1978 sondern

196 1993 248 2025 die
279 1992 399 2024 Rtimer
430 1993 622 2035 iiberhaupt.
652 2010 691 2015 -—
716 1994 753 2024 ab
796 1994 868 2034 iuqo

195 2042 271 2076 etc„
295 2037 538 2070 ausffihrlicher
556 2038 717 2069 schildert
734 2037 820 2069 Plut.
842 2047 870 2069 c.

199 2085 238 2117 13
250 2081 272 2115 f.
287 2083 337 2115 die
354 2082 541 2124 Umgehung
555 2085 637 2115 nach
651 2083 732 2114 Cato
756 2083 870 2121 selbst,

196 2130 311 2161 dessen
361 2129 609 2170 prahlerischen
656 2128 789 2160 Bericht
834 2127 870 2159 L.

198 2174 289 2205 nicht
323 2174 538 2216 eingesehen,
565 2174 705 2206 sondern
733 2173 802 2205 sich
829 2183 871 2204 an

195 2216 871 2262 Polx·h.,s.c.19,11,gehalten¹‘hat.

199 2283 238 2288 —
265 2267 353 2305 sopit.
393 2276 418 2297 s.
452 2275 492 2297 zu
516 2276 543 2297 c
575 2267 625 2305 17,
659 2267 685 2298 1.
712 2282 754 2286 -
779 2275 873 2303 super

200 2328 244 2333 —
270 2313 350 2349 coll„
368 2311 449 2342 iiber
468 2328 512 2333 ——
540 2311 610 2350 her,
638 2310 736 2352 App.:
761 2305 871 2361 ὤᾳθη

201 2366 274 2388 των
297 2357 475 2390 Αἰτωλῶν
506 2354 543 2388 ἐκ
569 2355 636 2389 τοῦ
663 2351 866 2401 Καλβιὸρό-

197 2414 271 2445 μθι
305 2397 415 2446 (ἰυγή-

248 2444 313 2482 19
347 2449 407 2480 1-
413 2450 442 2480 5.
471 2448 577 2479 subire
600 2449 659 2486 ad,
696 2445 813 2477 anders
842 2455 869 2476 c.

202 2493 252 2533 18,
275 2493 304 2533 8,
324 2492 391 2533 vgl
405 2494 459 2534 31,
478 2494 532 2535 45,
547 2495 586 2532 4,
607 2493 660 2532 34,
679 2492 733 2532 46,
785 2490 871 2522 :der

937 1456 1041 1487 ganze
1067 1446 1146 1478 Satz
1178 1446 1222 1478 ist
1247 1446 1300 1478 ein
1324 1446 1613 1488 parenthetischer

936 1491 1080 1532 Zusatz,
1115 1493 1134 1532 ξ
1161 1493 1179 1524 2
1205 1492 1283 1532 geht
1313 1492 1364 1523 (lie
1392 1491 1613 1533 Schilderung·

937 1535 1013 1569 fort.
1035 1555 1080 1560 —-
1098 1540 1186 1578 quiq.
1214 1539 1268 1576 ab,
1293 1548 1354 1568 nur
1378 1537 1429 1569 die
1454 1548 1481 1569 c.
1511 1538 1561 1573 18,
1590 1539 1616 1570 2>

936 1582 1170 1614 bezeichneten
1194 1581 1357 1625 Truppen,
1389 1582 1526 1624 Appian.
1551 1583 1612 1614 hat

937 1628 997 1659 den
1020 1627 1143 1659 Zusatz
1177 1627 1277 1658 nicht.
1308 1646 1350 1649 —
1383 1630 1474 1669 siqua
1498 1639 1522 1660 e.
1550 1639 1612 1668 ar„

936 1673 985 1704 als
1021 1673 1191 1705 romische.
1228 1690 1272 1695 —
1297 1675 1431 1715 suffer„
1468 1682 1616 1714 genauer

936 1718 1095 1750 schildert
1118 1718 1200 1761 App.
1225 1729 1251 1750 c.
1283 1720 1321 1752 19
1348 1719 1409 1750 den
1436 1718 1613 1759 Vorgang3

936 1764 1017 1796 iiber
1060 1764 1112 1796 die
1152 1764 1273 1796 Flucht
1321 1764 1377 1795 des
1416 1762 1541 1805 Honigs
1584 1774 1612 1795 s-

936 1809 1023 1841 Plut.
1051 1820 1077 1841 c.
1109 1811 1166 1848 14;
1189 1809 1308 1842 Nissen
1334 1811 1406 1843 182.
1423 1815 1507 1841 —et
1522 1820 1610 1841 mun.

937 1873 978 1878 -
1006 1863 1044 1895 et,
1071 1855 1135 1887 wie
1161 1857 1214 1894 35,
1248 1857 1302 1893 34,
1330 1856 1360 1888 8.
1387 1872 1430 1877 -—
1456 1858 1614 1896 sequentis

935 1912 965 1933 u.
995 1903 1146 1942 sequendi
1162 1916 1206 1926 =
1219 1902 1372 1941 persequi
1394 1899 1458 1931 wie
1491 1899 1540 1931 oft
1557 1899 1611 1931 hei

938 1946 987 1987 L.,
1013 1946 1079 1987 vgl.
1106 1947 1125 1985 ἓ
1152 1947 1181 1979 S.
1208 1964 1251 1968 —-
1275 1957 1357 1978 max.
1385 1956 1478 1986 omn„
1503 1956 1528 1977 s.
1554 1946 1612 1986 33,

943 1994 994 2031 15,
1023 1993 1073 2025 10.
1098 2010 1130 2013 .„
1162 1994 1277 2024 noviss.
1307 1993 1422 2033 aqmin.
1447 2002 1503 2031 er„
1529 1991 1614 2022 den-

939 2037 1051 2069 selben
1071 2037 1228 2076 bildeten,
1256 2047 1282 2068 e.
1303 2038 1356 2077 20,
1389 2038 1418 2070 8.
1436 2054 1478 2059 —
1491 2039 1615 2069 timent.

939 2094 995 2124 eq„
1022 2083 1089 2124 vgl.
1117 2084 1170 2123 21,
1200 2085 1252 2122 55,
1279 2085 1474 2123 7.—quam
1501 2084 1613 2121 inpr„

940 2128 1110 2160 entweder
1132 2127 1246 2159 nimmt
1264 2127 1300 2160 L.
1329 2127 1381 2160 die
1397 2127 1613 2159 Theilnahme

940 2174 998 2205 dei·
1030 2173 1145 2205 Reiter
1187 2184 1228 2205 an
1271 2174 1328 2205 der
1372 2173 1530 2204 Schlacht
1560 2182 1613 2214 an,

941 2219 1019 2251 oder
1048 2229 1082 2251 es
1121 2219 1166 2250 ist
1191 2218 1366 2260 allgemein
1393 2229 1434 2250 zu
1457 2219 1613 2250 nehmen:

940 2265 989 2296 als
1023 2265 1138 2305 (sonst)
1170 2264 1203 2295 in
1229 2265 1258 2296 d.
1285 2263 1359 2296 Sch.
1392 2281 1435 2286 —
1467 2264 1612 2302 Scarpk„

941 2309 1061 2341 iistlich
1081 2321 1145 2341 von
1171 2311 1230 2342 den
1250 2308 1503 2351 Thermopylen,
1528 2309 1614 2340 noch

941 2365 991 2386 am
1016 2356 1195 2387 malischeu
1220 2354 1430 2387 Meerbusen:
1458 2353 1507 2385 bis
1527 2354 1614 2385 nach

940 2401 990 2432 Sc.
1002 2412 1010 2441 ς
1026 2401 1076 2433 die
1088 2401 1158 2432 Hss.
1173 2400 1278 2432 haben
1288 2399 1384 2431 meist
1394 2399 1616 2441 Scarpheiam,

939 2445 1003 2477 wie
1033 2449 1167 2485 Elateia,
1194 2447 1247 2488 32,
1277 2447 1327 2486 18,
1355 2448 1385 2478 9.
1414 2463 1456 2468 —
1483 2455 1616 2486 consere,

940 2491 1009 2532 xgl.
1040 2493 1095 2531 27,
1119 2493 1232 2532 20,1.
