1715 2723
46 119 69 135 ι.
87 109 140 135 ch.
156 109 215 134 200.
472 99 596 132 LIBER
614 99 743 133 XXXI.
771 99 861 132 CAP.
886 103 934 133 19.
955 102 1007 134 20.

1396 106 1448 146 37

42 204 246 256 ponendos
273 203 419 242 curavit
446 207 484 241 et
512 215 598 241 cum
631 202 807 242 ducentis
839 202 995 241 milibus
1024 205 1198 244 modium
1226 206 1342 245 tritici
1371 207 1445 245 du-

42 260 165 300 centis
185 259 321 298 hordei
351 259 391 298 in
410 258 671 298 Macedoniam
701 258 817 297 misit.
859 260 972 297 tertia
992 259 1126 310 legatio
1152 262 1196 300 ad
1220 262 1446 302 Verminam

42 321 133 355 erat.
156 316 187 354 is
203 316 249 355 ad
266 316 413 367 primos
431 315 526 353 fines
543 315 650 365 regni
666 315 796 366 legatis
813 314 962 353 obviam
979 327 1223 366 pi·0g1·essUS‚
1240 325 1283 358 ut
1304 320 1449 358 scribe-

1478 325 1496 356 5

40 378 128 411 rent
144 372 229 423 ipsi,
249 385 342 423 quas
359 371 509 417 vellent,
527 371 631 422 pacis
649 371 894 410 condiciones
911 372 1105 422 permisit:
1131 386 1288 413 omnem
1303 388 1437 426 pacem
1468 383 1493 415 6⁷

40 428 183 467 bonam
212 429 429 478 iustamque
460 428 542 466 fore
574 427 645 465 sibi
674 440 762 465 cum
791 429 935 478 populo
964 428 1153 467 Romano.
1202 431 1311 469 datae
1340 432 1441 483 leges

40 485 156 536 pacis,
179 485 383 535 iussusque
413 484 458 522 ad
488 496 571 522 eam
594 484 899 522 confirmandam
921 484 1073 523 mittere
1100 485 1244 536 legatos
1270 488 1447 527 Romam.

153 541 226 579 Per
246 541 347 579 idem
370 545 525 591 tempus
547 540 588 578 L.
607 540 807 579 Cornelius
830 540 1015 578 Lentulus
1038 553 1108 591 pro
1130 543 1288 580 consule
1311 556 1356 581 ex
1377 544 1445 582 Hi-
1471 546 1525 584 20

40 597 173 648 spania
202 597 326 635 rediit.
376 596 442 648 qui
473 609 561 635 cum
590 596 630 634 in
658 601 795 635 senatu
823 609 883 635 res
912 597 957 635 ab
986 610 1027 635 se
1056 609 1125 648 per
1154 598 1298 637 multos
1327 610 1449 638 annos

41 652 195 691 fortiter
215 653 451 703 feliciterque
471 658 598 703 gestas
626 653 868 703 exposuisset
890 653 1211 704 postulassetque,
1240 660 1284 693 ut
1306 655 1447 693 trium-

39 708 172 760 phanti
202 708 274 747 sibi
300 709 427 747 invehi
455 709 586 747 liceret
614 709 652 747 in
684 709 843 755 urbem,
870 722 932 747 res
964 709 1164 761 triumpho
1200 711 1333 761 dignas
1361 723 1445 749 esse

40 765 220 804 censebat
242 771 411 811 senatus,
441 766 509 804 sed
537 765 758 816 exemplum
780 779 799 804 a
822 765 1033 804 maioribus
1063 778 1141 805 non
1163 767 1369 818 accepisse,
1390 772 1446 814 ut,

40 822 106 873 qui
134 833 259 872 neque
289 821 453 860 dictator
489 833 614 872 neque
650 822 786 860 consul
816 833 942 873 neque
971 828 1126 873 praetor
1162 835 1224 861 res
1253 823 1446 874 gessisset,

39 878 318 929 triumpharet:
338 890 408 929 pro
425 878 584 916 consule
606 878 712 916 illum
729 878 953 929 Hispaniam
977 878 1227 929 provinciam,
1251 892 1333 918 non
1350 891 1444 918 con-

39 934 162 973 sulem
180 939 245 972 aut
260 940 480 984 praetorem
498 933 721 972 obtinuisse.
754 934 1031 972 decurrebatur
1045 940 1178 973 tamen
1193 948 1252 981 eo,
1266 941 1309 974 ut
1327 947 1444 974 ovans

39 990 174 1029 urbem
198 989 322 1035 iniret⁷
352 989 614 1028 intercedente
635 989 692 1027 Ti.
716 989 948 1041 Sempronio
970 990 1103 1041 Longo
1131 991 1286 1030 tribuno
1307 991 1442 1042 plebis,

40 1046 105 1097 qui
121 1046 241 1084 nihilo
264 1045 384 1095 magis
408 1046 444 1083 id
468 1058 576 1084 more
600 1045 791 1084 maiorum
815 1051 881 1084 aut
903 1046 982 1084 ullo
1000 1047 1178 1097 exemplo
1194 1047 1369 1085 futurum
1386 1047 1446 1085 di-

44 1106 159 1140 ceret.
197 1106 395 1152 postremo
423 1101 547 1139 victus
579 1113 772 1139 consensu
800 1106 955 1152 patrum
983 1102 1163 1140 tribunus
1185 1104 1311 1149 cessit,
1342 1108 1446 1141 etex

42 1162 198 1196 senatus
215 1157 393 1196 consulto
409 1156 451 1195 L.
468 1157 656 1195 Lentulus
679 1169 798 1200 ovans
820 1157 958 1195 urbem
981 1163 1039 1195 est
1060 1157 1269 1208 ingressus.
1301 1159 1448 1210 argenti

42 1212 129 1253 tulit
151 1215 209 1263 [ex
231 1213 382 1264 praeda]
404 1220 508 1254 XLIII
529 1213 634 1251 milia
662 1213 803 1264 pondo,
834 1213 916 1252 auri
947 1213 1023 1252 duo
1045 1213 1148 1252 milia
1170 1214 1448 1266 quadringenta

42 1353 182 1389 stungen
200 1348 421 1390 verpssichtet,
440 1348 506 1388 vgl.
527 1359 555 1379 c.
577 1348 628 1389 11,
650 1348 707 1388 143

781 1349 841 1380 her
865 1350 1059 1391 trimnplms
1084 1349 1229 1388 eurulis,
1260 1361 1286 1381 s.
1310 1349 1447 1393 Becker,

41 1393 96 1433 32,
110 1395 167 1432 2ῖς
187 1393 241 1434 36,
256 1397 275 1425 4
288 1404 296 1429 ς
311 1393 364 1435 42,
380 1393 422 1425 29
436 1404 465 1424 u.
481 1393 707 1435 a.—leg·atio,

781 1394 813 1434 2,
832 1394 862 1434 2,
881 1394 918 1425 81
934 1405 942 1432 3
960 1394 1057 1425 Aedil
1074 1394 1118 1426 ist
1135 1393 1298 1426 Lentulus
1315 1395 1447 1436 absens,

41 1438 96 1469 die
110 1438 213 1470 dritte
226 1437 385 1479 Aufgabe‚
405 1438 458 1469 die
472 1438 521 1470 sie
536 1438 585 1469 als
602 1438 711 1481 legati

42 1483 168 1516 hatten.
208 1485 305 1527 pacis
327 1483 471 1523 condic„
494 1484 578 1515 dann
603 1484 706 1526 leg-es,

41 1538 70 1560 a.
89 1539 116 1560 c.
139 1529 188 1570 11,
209 1530 258 1561 17.
276 1548 320 1552 —
337 1529 500 1569 seribere,
520 1528 707 1560 schriftlich

43 1571 216 1615 absassen,
238 1584 291 1605 um
315 1574 362 1605 sie
385 1574 457 1604 dem
475 1572 601 1615 Ho'nige
626 1584 706 1605 vor-

41 1618 272 1655 zuschreihen‚
289 1618 389 1659 dare,
407 1628 434 1649 s.
452 1629 480 1649 c.
502 1619 551 1649 11.
569 1637 610 1641 -—
629 1629 706 1650 con-

43 1662 152 1705 firm„
175 1663 242 1702 vgl.
261 1662 343 1693 Zon.
361 1663 383 1693 l.
400 1662 440 1693 I.:
464 1663 515 1704 τῷ
534 1661 573 1694 δὲ
595 1660 705 1706 Οὐερ-

43 1709 137 1751 μίνᾳ
165 1706 230 1748 τὴν
256 1707 446 1749 βασιλείαν
474 1706 539 1738 τοῦ
565 1707 706 1748 πατρὸς

43 1748 303 1792 ἐπεκύρωσαν,
332 1762 384 1783 um
409 1750 587 1783 Masinissa
618 1752 708 1785 nicht

45 1806 86 1827 zu
103 1796 248 1838 miichtig
264 1797 398 1828 werden
416 1808 456 1827 zu
473 1797 592 1828 lassen.

88 1835 158 1872 20.
194 1840 353 1884 Triumph
382 1842 438 1873 des
469 1841 504 1873 C.
534 1841 708 1873 Cornelius

42 1883 216 1918 Lentulus.

92 1930 178 1962 1-2.
201 1941 265 1974 pro
294 1941 402 1972 cous„
432 1942 457 1963 s.
490 1930 549 1971 33,
582 1931 641 1972 25,
670 1932 707 1971 93

42 1974 205 2008 Lentulus
223 1986 295 2008 war
307 1975 510 2017 Nachsolger
527 1976 657 2019 Scipios
676 1977 709 2009 in

45 2019 189 2063 Spanien
213 2031 381 2062 gewosen,
406 2033 431 2053 s.
457 2022 515 2063 28,
534 2022 593 2062 58,
614 2023 640 2054 1.
666 2040 711 2046 -

47 2066 134 2107 sort.
162 2066 275 2107 felia,
308 2077 373 2107 geu
383 2067 512 2098 ohnlich
541 2078 606 2098 von
639 2067 710 2098 dem

47 2109 230 2142 Fcldherrn
256 2111 453 2152 gebraucffi,
479 2122 503 2142 s.
528 2112 587 2150 28,
612 2113 647 2150 9,
671 2112 707 2151 ῖς

48 2155 115 2196 vgl.
133 2155 168 2186 21
184 2180 192 2196 ,
209 2157 268 2194 44,
289 2158 323 2195 2,
348 2156 467 2187 cbenso
487 2156 530 2188 ist
548 2158 711 2200 trz‘umplz.

39 2217 81 2223 ——
98 2200 218 2232 urbem
239 2201 297 2232 der
316 2201 507 2233 technische
524 2201 711 2244 Ausdruck,

39 2254 68 2277 s.
87 2245 146 2285 28,
165 2247 202 2287 9,
222 2247 259 2284 ’ῖς
279 2246 338 2288 26,
360 2247 419 2288 21,
437 2246 474 2284 2;
501 2246 607 2289 Mai-q.
625 2248 661 2287 3,
680 2248 700 2278 2

42 2289 120 2322 114ss.

89 2334 178 2366 3-6.
207 2345 228 2365 a
256 2337 396 2375 maior„
425 2336 483 2366 der
511 2346 610 2377 usus,
637 2347 711 2368 mos

40 2381 212 2411 maiorum
232 2380 301 2421 galt
316 2380 347 2411 in
367 2380 500 2412 solchen
515 2380 641 2421 Diogen
660 2382 709 2413 als

42 2421 178 2456 Gesetz.
215 2444 257 2449 -—
292 2436 397 2467 neque
434 2444 454 2448 -
485 2429 612 2468 praet„
651 2427 710 2458 der

41 2466 198 2511 Triumph
221 2470 266 2501 ist
288 2480 328 2501 an
349 2470 442 2501 diese
460 2471 479 2501 3
498 2471 710 2503 curulischen

42 2512 180 2546 Aemter
195 2515 383 2557 gebunden‚
403 2526 429 2546 s.
449 2516 508 2558 23,
525 2516 585 2556 23,
603 2517 634 2557 5,
653 2517 710 2548 da—

702 2273 711 2290 Ι

781 1449 808 1470 s.
826 1439 879 1479 29,
900 1439 952 1478 11,
971 1449 1135 1480 gewesen,
1153 1440 1233 1471 aber
1250 1440 1299 1471 als
1313 1440 1446 1472 solcher

780 1484 872 1515 hatte
882 1494 919 1515 er
926 1484 985 1516 das
999 1484 1171 1527 imperium
1185 1484 1329 1517 militare
1339 1486 1446 1525 nicht;

780 1529 864 1560 auch
892 1539 963 1560 war
996 1540 1033 1561 er
1066 1530 1155 1562 nicht
1187 1530 1237 1561 als
1267 1530 1446 1570 Magistrat

779 1574 924 1605 sondern
956 1574 1007 1605 als
1039 1574 1253 1607 Privatmann
1284 1586 1356 1607 cum
1384 1576 1445 1607 im·

778 1619 872 1661 perio
892 1619 923 1650 in
940 1619 994 1650 die
1011 1618 1154 1650 Provinz
1171 1630 1359 1662 gegangen,
1376 1620 1444 1661 vgl.

779 1664 840 1705 28,
858 1662 916 1703 38,
942 1665 977 1695 4:
1000 1666 1168 1695 neminem
1190 1664 1237 1696 ad
1257 1676 1332 1697 eum
1357 1665 1445 1697 diem

777 1709 1019 1751 trimnplzasse,
1037 1710 1198 1749 quisine
1212 1720 1244 1740 m
1253 1712 1446 1752 agistra—

781 1756 824 1784 tu
838 1763 894 1785 res
902 1755 1082 1795 gessisset,
1100 1764 1125 1784 s.
1139 1753 1250 1795 Lange
1269 1756 1297 1794 I,
1310 1755 1387 1786 540.
1402 1772 1445 1777 ——

780 1797 968 1840 decurreb„
985 1808 1057 1829 man
1072 1798 1143 1830 tras
1153 1799 1213 1830 den
1229 1799 1384 1839 Ausweg,
1402 1799 1445 1830 ist

781 1843 813 1874 in
828 1842 937 1882 Bezug
949 1842 1008 1874 auf
1019 1843 1259 1875 intercedente:
1274 1848 1374 1875 unter
1386 1844 1445 1875 der

780 1887 986 1929 Einsprache
1016 1899 1046 1919 n.
1076 1898 1179 1929 gegen
1213 1888 1264 1920 die
1292 1888 1445 1929 Fassung

782 1933 840 1964 des
857 1932 1206 1973 Senatslmschlusses,
1225 1934 1287 1965 wie
1305 1945 1332 1965 c.
1354 1934 1406 1974 17,
1425 1933 1444 1964 3

778 1978 1017 2021 paciscebatur
1039 1989 1078 2008 zu
1104 1979 1251 2010 nehinen.
1271 1997 1314 2001 ——
1331 1988 1444 2020 ovans,

782 2033 809 2054 s.
830 2022 890 2061 28,
909 2022 946 2062 9,
968 2024 1019 2055 10.
1036 2042 1079 2046 —
1095 2023 1197 2055 m'lzilo
1220 2034 1263 2054 m.
1290 2035 1321 2055 n.
1344 2034 1441 2064 quam

782 2069 814 2099 εἰ
833 2069 1027 2111 triumphus
1050 2068 1304 2106 concederetu7'3
1327 2069 1367 2100 da
1385 2069 1445 2099 der

783 2112 939 2144 Gedanke
962 2114 1095 2154 negativ
1120 2114 1178 2155 ist,
1203 2124 1239 2145 so
1264 2112 1349 2154 solgt
1365 2113 1443 2144 ullo.

782 2176 827 2181 ——
846 2168 1022 2197 consensu,
1041 2169 1065 2190 s.
1085 2159 1116 2198 4,
1135 2159 1186 2199 51,
1206 2159 1236 2189 3.

830 2203 860 2234 7.
886 2213 988 2234 ovans
1004 2214 1036 2234 u.
1056 2215 1083 2235 e.
1098 2205 1200 2245 ing-in,
1218 2201 1443 2233 wahrscbein-

782 2247 849 2279 lich
872 2248 931 2278 der
955 2253 1045 2279 erste
1066 2248 1225 2289 Triumph
1253 2257 1355 2288 gegen
1385 2246 1443 2278 das

782 2292 803 2334 ξ
822 2293 858 2331 23
882 2294 899 2323 5
926 2293 1096 2324 erwiihnle
1120 2293 1356 2331 Herkommen,
1380 2291 1444 2323 wie

782 2337 897 2379 spater
913 2338 972 2369 der
988 2339 1044 2369 des
1059 2338 1242 2379 Pompeius,
1259 2336 1326 2377 vgl.
1343 2336 1395 2377 32,
1411 2337 1442 2376 7,

782 2385 821 2421 4;
841 2382 918 2413 ClL.
937 2394 965 2424 p.
987 2384 1068 2421 5583
1087 2382 1197 2423 Lange
1216 2385 1246 2421 2,
1265 2382 1347 2417 211ος
1369 2381 1441 2413 180.

780 2446 821 2450 —
837 2438 883 2458 ea·
897 2428 1027 2470 praeda
1040 2428 1084 2458 ist
1098 2425 1372 2458 wahrscheinlich
1385 2436 1444 2458 aus

782 2472 812 2503 d.
838 2471 916 2511 fulg,
938 2472 1030 2503 Zeilc
1055 2471 1375 2512 heraiufgenominen.
1400 2490 1441 2493 —

778 2516 906 2560 pondo,
929 2517 988 2548 das
1012 2515 1116 2548 Psund
1138 2516 1247 2548 Silber
1269 2521 1355 2547 etwa
1382 2515 1443 2557 18}

1478 608 1497 639 2

1477 718 1495 749 3

1476 1112 1495 1143 6

1476 1167 1494 1198 7
