1715 2723
637 68 762 101 LIBER
785 68 964 103 XXXVII.
997 69 1089 103 CAP.
1115 73 1170 105 31.
1458 77 1484 97 δ’·
1503 78 1532 97 u.
1548 70 1609 99 564.

196 68 281 113 210

196 177 340 228 ginqua
369 173 468 213 tueri
499 171 696 211 diffidebat
723 184 765 211 se
795 184 922 223 posse,
948 172 1184 223 praesidium
1211 173 1257 212 ab
1278 174 1531 226 Lysimachia,
1562 187 1613 214 ne

197 232 484 284 opprimeretur
509 228 562 267 ibi
591 228 637 267 ab
658 228 856 275 Romanis,
887 228 1026 268 deduci
1056 241 1187 280 pravo,
1215 235 1258 268 ut
1285 242 1348 269 res
1375 231 1457 281 ipsa
1478 236 1614 282 postea

157 300 178 332 2
197 288 340 334 docuit,
370 285 531 324 consilio
560 285 684 323 iussit.
743 297 825 323 non
856 285 960 323 enim
990 285 1090 324 tueri
1120 286 1248 326 solum
1277 286 1562 338 Lysimachiam
1592 300 1614 327 a

196 344 324 395 primo
343 342 492 393 impetu
514 342 785 380 Romanorum
805 341 915 380 facile
938 348 1028 388 erat,
1048 342 1116 380 sed
1138 342 1381 381 ohsidionem
1402 344 1514 383 etiam
1535 349 1615 383 tota

197 401 324 439 hieme
353 399 517 437 tolerare
548 403 584 437 et
615 397 828 437 obsidentis
852 409 1010 449 quoque
1029 398 1076 437 ad
1100 398 1275 438 ultimam
1296 399 1468 450 inopiam
1488 400 1614 440 addu-

198 469 285 495 cere
314 455 552 494 extrahendo
583 459 736 506 tempus
766 459 803 493 et
830 454 984 493 interim
1015 467 1123 505 spem
1156 455 1260 506 pacis
1281 467 1351 506 per
1371 456 1616 495 occasionem

158 520 178 552 3
197 518 397 564 temptare.
428 523 500 550 nec
521 510 805 563 Lysimachiam
825 516 975 550 tantum
995 511 1172 550 hostibus
1193 511 1349 550 tradidit
1368 518 1458 562 post
1475 513 1616 551 adver-

198 582 279 608 sam
307 568 481 608 navalem
503 580 687 619 pugnam,
724 568 791 606 sed
812 568 925 606 etiam
948 568 1186 618 Colophonis
1210 568 1412 607 obsidione
1433 568 1618 608 abscessit

157 634 179 667 4
200 632 237 665 et
261 625 391 665 Sardis
422 625 569 676 recepit
597 637 660 671 se;
691 630 807 674 atque
826 624 917 663 inde
937 624 977 662 in
998 624 1280 675 Cappadociam
1300 624 1347 663 ad
1373 625 1614 672 Ariarathen,

198 682 265 733 qui
285 682 422 721 auxilia
446 687 699 727 accerserent,
720 686 757 719 et
777 692 1029 731 quocumque
1049 681 1121 720 alio
1134 687 1295 732 poterat,
1316 681 1363 720 ad
1376 682 1506 733 copias
1519 694 1617 721 oon-

196 738 415 785 trahendas,
445 739 485 777 in
514 750 639 777 unum
668 737 745 776 iam
775 737 993 784 consilium,
1025 744 1067 776 ut
1097 738 1177 776 acie
1208 738 1415 784 dimicaret,
1445 738 1617 777 intentus

197 795 312 834 misit.

158 865 178 896 5
308 850 476 902 Regillus
497 850 683 889 Aemilius
714 855 804 901 post
830 849 1029 888 victoriam
1060 850 1234 888 navalem
1261 852 1459 900 profectus
1481 851 1613 901 Ephe-

196 920 298 954 sum,
329 907 491 945 derectis
521 913 607 945 ante
630 912 789 957 portum
810 905 986 951 navibus,
1017 918 1107 944 cum
1129 906 1419 945 confessionem
1440 906 1615 945 ultimam

197 964 373 1002 concessi
392 963 508 1002 maris
530 963 631 1002 hosti
654 963 918 1013 expressisset,
945 962 1098 1009 Chium,
1129 974 1207 1013 quo
1228 967 1316 1000 ante
1337 962 1470 1001 navale
1492 975 1612 1014 proe—

155 1028 177 1060 6
195 1021 292 1059 lium
323 1031 483 1058 cursum
514 1019 560 1058 ab
584 1020 699 1058 Samo
721 1019 949 1065 intenderat,
980 1018 1143 1069 navigat.
1187 1018 1241 1057 ibi
1263 1030 1379 1058 naves
1400 1019 1441 1057 in
1464 1019 1612 1070 proelio

196 1081 393 1128 quassatas
416 1088 504 1114 cum
528 1076 736 1122 refecisset,
757 1076 799 1114 L.
821 1075 1026 1113 Aemilium
1047 1076 1238 1114 Scaurum
1257 1087 1346 1114 cum
1368 1075 1521 1126 triginta
1541 1088 1613 1114 ua-

195 1133 308 1172 vibus
335 1132 629 1183 Hellespontum
669 1132 715 1171 ad
748 1131 960 1170 exercitum
990 1131 1245 1170 traiciendum
1277 1131 1399 1178 misit,
1443 1132 1618 1171 Rhodios

196 1194 303 1240 parte
324 1189 488 1240 praedae
508 1195 544 1227 et
565 1189 698 1239 spoliis
721 1188 919 1227 navalibus
942 1189 1142 1227 decoratos
1164 1188 1328 1227 domum
1351 1188 1477 1227 redire
1497 1188 1616 1227 iubet.

157 1251 176 1282 7
195 1246 337 1285 Rhodii
357 1246 520 1297 impigre
543 1251 785 1296 praevertere
806 1245 852 1283 ad
874 1244 1101 1284 traiciendas
1131 1245 1260 1296 copias
1288 1245 1458 1284 consulis
1490 1245 1615 1295 [iere];

185 1403 283 1444 susa,
309 1408 442 1434 contusa
456 1402 640 1443 fuqataque
672 1408 725 1433 est.
767 1419 809 1424 —·
832 1404 869 1433 ab

195 1450 328 1488 Lysim„
352 1446 452 1489 App,
480 1447 637 1479 nachdem
665 1457 700 1478 er
726 1457 871 1488 genauer

196 1493 245 1525 als
293 1492 328 1524 L.
372 1492 424 1523 die
470 1492 622 1533 giiustige
669 1492 757 1533 Lage
805 1503 870 1524 von

196 1538 321 1580 Lysim.
350 1537 552 1578 geschildert
577 1539 652 1569 hut:
684 1535 871 1592 Ἀντίοχος

198 1602 237 1606 -
273 1579 511 1638 Χερρόνησον
544 1584 706 1621 ἐξέλιπε]
742 1581 870 1637 ἀλογί-

196 1639 295 1666 στως.
328 1646 373 1651 -
406 1628 488 1662 οὔτε
520 1625 750 1674 ιιετειεγκών
786 1625 871 1666 ὅσος

196 1675 240 1716 ἡν
265 1675 303 1707 ἐν
343 1674 434 1726 αὐτη
470 1677 569 1711 σῖτος
600 1677 872 1728 σεσωοευμένος

195 1719 313 1757 πολὺς
361 1715 383 1762 ἢ
417 1711 524 1753 ὅπλα
566 1733 585 1762 η
630 1717 805 1773 χρήματα
850 1733 870 1762 η

226 1768 380 1809 ηχαναί,
414 1777 497 1798 ουτε
527 1764 739 1811 ἕμποήσας,
776 1765 869 1798 Diod

194 1779 265 1842 fl.
294 1813 502 1851 —totalz.,
549 1813 609 1851 37,
654 1813 713 1852 13,
756 1814 786 1845 4
826 1829 872 1834 -·

194 1858 334 1898 εωιγαῆ.,
358 1857 424 1898 vgl.
453 1859 510 1896 10,
538 1858 598 1896 29,
627 1859 664 1890 8:
698 1836 872 1889 {metando

194 1908 372 1934 extraxerat
397 1905 499 1940 diem,·
526 1904 579 1941 28,
610 1904 659 1939 15,
688 1905 724 1942 33
747 1904 800 1942 38,
816 1905 870 1942 44,

201 1949 227 1980 1.
256 1965 300 1970 -
319 1959 381 1987 per
399 1960 469 1987 oea,
495 1958 519 1979 s.
547 1958 572 1979 c.
598 1949 653 1988 26,
681 1951 719 1983 4:
746 1950 799 1986 21,
817 1950 869 1985 35,

199 1995 257 2026 10:
310 1995 449 2025 nostibus
495 2011 541 2015 —
572 2005 634 2032 per
682 1997 872 2025 occasionem

195 2040 439 2078 temptantibus;
476 2038 518 2070 ib.
566 2041 603 2078 8,
643 2041 661 2071 7
695 2050 724 2070 u.
763 2049 791 2070 o.
828 2057 872 2061 -—

195 2095 278 2124 spem
303 2102 346 2106 —-
370 2091 485 2124 tempe„
517 2094 545 2117 c,
573 2086 633 2123 32,
668 2086 725 2124 103
751 2086 812 2124 26,
840 2088 870 2123 3,

200 2131 258 2169 103
284 2131 345 2169 33,
372 2131 433 2167 27,
461 2131 490 2162 3.
515 2147 560 2152 —-
584 2132 727 2168 Golopla„
762 2140 787 2161 c.
816 2132 870 2169 26,

197 2176 359 2207 3.-063,
389 2177 451 2207 abs.
481 2176 563 2206 ohne
587 2187 606 2206 α
631 2175 694 2206 wie
717 2177 747 2209 9,
777 2177 807 2217 3,
835 2178 872 2215 53

197 2221 259 2261 26,
286 2223 322 2260 7,
350 2222 388 2262 23
423 2223 478 2258 45,
510 2222 560 2258 11,
591 2222 617 2260 1,
645 2221 710 2261 vgl.
737 2222 790 2258 38,
817 2223 870 2257 38,

197 2267 227 2298 6.
252 2283 297 2288 -
320 2267 511 2306 Α7·ι”ιιναέ1ι.,
547 2266 610 2297 wie
641 2268 818 2305 Eumenen,
843 2277 869 2298 c.

197 2312 253 2352 22,
281 2313 316 2352 13
345 2312 402 2343 der
426 2311 699 2351 Schwiegersohu
725 2312 780 2342 des
801 2311 870 2342 Au-

196 2355 336 2396 tiochus,
363 2368 388 2389 s.
413 2356 494 2399 App.
514 2356 589 2399 Syr.
615 2359 646 2396 5,
677 2357 742 2397 vgl.
760 2356 795 2388 L.
816 2359 870 2396 38,

198 2402 258 2441 39,
287 2404 317 2435 6.
341 2421 385 2424 —
412 2414 475 2443 quo
498 2406 579 2440 alio,
604 2413 629 2434 5.
656 2403 717 2438 38.
745 2404 805 2443 30,
834 2406 870 2435 7:

195 2449 295 2479 aliove
315 2459 396 2490 quo,
433 2449 494 2487 39,
521 2450 582 2487 36,
612 2450 670 2488 11;
708 2447 773 2478 Cic.
800 2447 869 2479 Att.

197 2493 236 2532 9,
266 2495 325 2534 17,
354 2496 389 2527 1:
420 2505 464 2525 cm
486 2496 548 2525 alio
571 2505 653 2535 quo:
688 2504 728 2524 zu
746 2499 872 2533 poterat

939 1402 983 1433 ist
1022 1405 1144 1435 mittere
1182 1412 1240 1434 aus
1277 1405 1363 1434 misit
1395 1413 1435 1434 zu
1478 1401 1616 1434 denkeu.

938 1448 1004 1479 Der
1020 1447 1128 1489 Iissnig
1152 1447 1196 1479 ist
1216 1448 1286 1479 also
1307 1448 1410 1479 selbst
1423 1447 1510 1488 jetzt
1531 1448 1616 1479 noch

940 1493 1030 1525 nicht
1051 1494 1211 1534 geriistet,
1236 1494 1289 1533 35,
1320 1495 1374 1533 44,
1404 1495 1434 1533 3,
1465 1492 1616 1534 obgleich

939 1539 991 1570 die
1018 1539 1135 1570 Rb'mer
1160 1539 1259 1570 sehon
1284 1539 1348 1570 seit
1371 1539 1493 1570 Jahren
1520 1538 1615 1570 einen

939 1583 1073 1625 Angriff
1096 1582 1284 1615 beffirchtet
1304 1584 1418 1615 haben.
1441 1602 1483 1606 —
1507 1586 1617 1617 consil.

938 1636 984 1667 ut,
1012 1632 1065 1667 25,
1098 1631 1153 1669 34,
1180 1632 1208 1661 7.

986 1678 1084 1708 5—-7.
1116 1677 1191 1717 Req.
1218 1677 1310 1707 Aem.
1338 1676 1369 1716 9,
1396 1676 1450 1716 38,
1477 1677 1508 1710 9.
1534 1677 1618 1717 der.‚

941 1722 1001 1760 36,
1027 1723 1088 1762 45,
1116 1722 1154 1754 6:
1190 1728 1262 1753 ante
1285 1724 1398 1753 ostium
1415 1728 1530 1760 portus
1554 1724 1618 1754 acie

938 1769 1094 1799 instructa
1115 1773 1275 1799 steterunt.
1311 1786 1355 1789 -—
1390 1768 1522 1807 consess.
1557 1770 1618 1800 ult.

939 1824 964 1844 ο.
1000 1824 1059 1851 m.,
1090 1813 1148 1844 der
1185 1811 1297 1845 Genit.
1323 1812 1387 1844 wie
1408 1814 1449 1853 4,
1481 1814 1543 1853 32,
1579 1816 1619 1855 53

939 1857 981 1889 ib.
1005 1859 1033 1891 1.
1059 1860 1102 1897 43
1128 1859 1181 1897 36,
1214 1860 1265 1894 10,
1292 1860 1310 1891 3
1329 1869 1357 1889 u.
1379 1868 1405 1889 0.
1426 1876 1471 1881 —
1491 1861 1613 1901 Chium,

940 1914 965 1934 c.
998 1905 1054 1942 143
1084 1905 1137 1942 27,
1167 1906 1406 1943 1.--Hellesp.,
1435 1904 1493 1935 das
1511 1903 1614 1943 Laud,

940 1948 1007 1989 vgl
1034 1960 1060 1980 c.
1086 1951 1140 1988 33,
1167 1951 1197 1982 4.
1216 1952 1368 1988 —spolia
1384 1961 1468 1989 nav„
1496 1949 1616 1982 Beute-

939 1995 1053 2026 stiicke
1072 2005 1135 2026 von
1151 1995 1211 2026 deu
1226 1994 1369 2027 Schiffen
1392 1995 1506 2035 selbst,
1526 1999 1615 2027 etwa

939 2046 1053 2079 rostra,
1101 2050 1306 2087 παοασηιια
1345 2052 1376 2072 u.
1419 2051 1444 2072 s.
1483 2051 1525 2072 w.
1571 2059 1615 2065 —

933 2093 1134 2125 praevertere
1153 2085 1183 2117 in
1205 2072 1263 2117 dei
1280 2086 1486 2127 Bedeutung:
1513 2097 1617 2118 zuvor

941 2135 1045 2163 etwas
1082 2132 1163 2163 thuu
1198 2132 1288 2163 steht
1323 2131 1413 2163 nicht
1446 2132 1549 2164 leicht
1575 2131 1614 2172 (s.

941 2176 1048 2208 Plaut.
1074 2176 1188 2209 Pseud.
1221 2179 1249 2216 1,
1277 2179 1307 2219 3,
1334 2177 1512 2215 8)0bs01ut
1532 2178 1614 2209 ohne

940 2222 1075 2263 Angabe
1102 2223 1157 2254 des
1177 2222 1286 2254 Zielcs
1311 2223 1390 2254 oder
1415 2223 1471 2254 des
1490 2222 1613 2263 objec-

938 2272 1008 2305 tes,
1051 2268 1195 2299 weshalb
1237 2268 1512 2299 wahrscheinlich
1551 2271 1615 2300 iere

939 2314 1073 2353 uniieht,
1093 2313 1183 2345 viell.
1202 2324 1259 2345 aus
1279 2316 1397 2346 rediere
1415 2314 1611 2346 entstauden

939 2359 1001 2397 ist,
1028 2359 1094 2399 vgl.
1121 2359 1210 2390 Curt.
1239 2361 1269 2398 6,
1297 2361 1351 2393 22.
1377 2361 1437 2392 21:
1465 2362 1508 2390 ad
1530 2361 1614 2391 Sati-

938 2406 1103 2436 barzmzem
1127 2407 1365 2444 opprimendum
1382 2407 1543 2443 praeverti
1560 2416 1616 2444 op-

937 2453 1047 2481 timam
1079 2458 1185 2487 ratas,
1227 2450 1289 2490 vgl.
1317 2449 1351 2481 L.
1378 2451 1437 2488 32,
1479 2451 1536 2489 13,
1575 2453 1613 2484 4:

934 2498 1097 2534 praeverti
1120 2499 1153 2527 in
1170 2497 1378 2535 Thessaliam3
1407 2495 1520 2527 wollte
1539 2506 1612 2527 man
