1715 2723
656 700 816 749 ΤΙΤΙ
861 699 1027 747 LIVI

298 804 362 844 AB
392 804 524 843 URBE
548 803 762 842 CONDITA
794 803 1051 842 LlssnoRUM
1076 803 1373 841 PERIOCHAE.

605 1026 675 1059 EX
706 1026 860 1059 LIBRO
886 1025 1056 1058 XXXV.

221 1115 257 1147 P.
280 1116 388 1158 Scipio
408 1115 585 1148 Africanus
610 1117 740 1157 legatus
769 1116 809 1147 ad
825 1115 1022 1147 Antiochum
1046 1115 1162 1147 missus
1187 1114 1307 1158 Ephesi
1331 1125 1402 1146 cum
1419 1114 1543 1146 Hanni-

132 1161 218 1201 bale,
240 1161 293 1204 qui
312 1172 346 1193 se
363 1161 528 1193 Antiocho
548 1161 755 1202 adiunxerat,
785 1161 977 1193 conlocutus
995 1165 1056 1201 est,
1076 1165 1123 1201 ut,
1149 1160 1177 1192 si
1197 1161 1269 1192 fieri
1286 1164 1406 1202 posset,
1422 1164 1542 1192 metum

128 1207 169 1248 ei,
191 1217 283 1248 quem
300 1217 341 1239 ex
360 1208 476 1250 populo
492 1207 636 1239 Romano
655 1211 860 1249 conceperat,
880 1207 1050 1240 eximeret.
1079 1206 1166 1238 inter
1179 1206 1245 1238 alia
1266 1216 1336 1237 cum
1357 1210 1541 1248 quaereret,

130 1263 223 1295 quem
252 1252 352 1285 fuisse
368 1253 544 1284 maximum
562 1253 792 1295 imperatorem
809 1252 971 1284 Hannibal
997 1253 1158 1291 crederet,
1188 1251 1368 1294 respondit,
1394 1251 1542 1283 Alexan-

127 1300 219 1330 drum
235 1298 446 1330 Macedonum
460 1308 581 1339 regem,
599 1299 682 1340 quod
700 1308 804 1340 parva
824 1308 920 1329 manu
935 1297 1188 1329 innumerabiles
1206 1297 1371 1329 exercitus
1391 1296 1541 1337 fudisset,

126 1344 274 1386 quodque
298 1343 430 1376 ultimas
455 1354 541 1384 oras,
571 1353 650 1385 quas
675 1344 783 1375 visere
810 1353 909 1385 supra
933 1353 1021 1385 spem
1047 1344 1218 1375 humanam
1245 1347 1343 1383 esset,
1367 1352 1543 1384 peragras-

126 1394 185 1421 set.
213 1389 382 1431 quaerenti
404 1389 529 1428 deinde,
549 1398 640 1431 quem
657 1389 832 1420 secundum
850 1392 997 1430 poneret,
1012 1388 1187 1430 Pyrrhum,
1202 1388 1325 1430 inquit,
1343 1392 1453 1419 castra
1474 1398 1542 1419 me-

124 1434 192 1465 tari
215 1434 352 1476 primum
376 1434 535 1474 docuisse,
561 1434 601 1465 ad
629 1434 691 1464 hoc
716 1433 873 1465 neminem
899 1433 1081 1474 elegantius
1106 1433 1179 1464 loca
1213 1433 1349 1475 cepisse,
1378 1433 1543 1475 praesidia

127 1479 332 1521 disposuisse.
379 1479 582 1521 exsequenti,
608 1489 701 1520 quem
725 1478 859 1510 tertium
885 1478 1019 1518 diceret,
1046 1483 1149 1510 semet
1172 1478 1276 1520 ipsum
1296 1478 1391 1509 dixit.
1433 1478 1543 1510 ridens

123 1524 232 1566 Scipio
259 1524 433 1566 „quidnam
458 1529 494 1556 tu
523 1525 659 1564 diceres,
692 1524 721 1556 si
751 1525 826 1556 me“
858 1523 964 1566 inquit
995 1524 1204 1564 „vicisses?“
1237 1528 1339 1564 „tunc
1363 1534 1443 1555 vero
1468 1524 1542 1556 1116ιι

124 1570 229 1611 inquit
255 1574 313 1609 „et
337 1574 411 1602 ante
435 1569 659 1601 Alexandrum
685 1574 718 1601 et
745 1574 823 1601 ante
847 1568 1010 1611 Pyrrhum
1039 1574 1073 1601 et
1107 1573 1183 1601 ante
1216 1569 1299 1601 alios
1328 1569 1543 1611 posuissem.“

122 1615 211 1646 inter
230 1619 339 1646 cetera
356 1615 516 1657 prodigia,
536 1625 615 1657 quae
632 1614 773 1657 plurima
790 1614 889 1646 fuisse
904 1615 1091 1654 traduntur,
1112 1615 1228 1646 bovem
1243 1614 1298 1646 Cn.
1312 1614 1447 1646 Domitii
1464 1625 1543 1645 con-

126 1660 207 1692 sulis
224 1660 368 1692 locutam
388 1660 514 1701 „Roma
540 1671 620 1692 cave
647 1660 732 1691 tibi“
753 1659 907 1692 refertur.
948 1660 1050 1692 Nabis
1068 1660 1397 1692 Lacedaemoniorum
1421 1664 1543 1702 tyran-

128 1716 185 1737 nus
210 1705 367 1738 incitatus
395 1706 435 1737 ab
460 1706 600 1747 Aetolis,
628 1706 681 1747 qui
706 1710 740 1737 et
766 1705 950 1748 Philippum
985 1710 1018 1737 et
1042 1705 1240 1737 Antiochum
1273 1706 1314 1737 ad
1338 1704 1542 1737 inferendum

124 1751 244 1783 bellum
272 1751 390 1794 populo
423 1751 567 1783 Romano
602 1751 841 1790 sollicitabant,
872 1762 941 1783 cum
972 1761 991 1782 a
1015 1751 1132 1794 populo
1157 1751 1302 1783 Romano
1335 1751 1540 1792 descivisset,

125 1796 212 1828 bello
227 1797 385 1828 adversus
403 1796 674 1839 Philopoemenen
693 1796 899 1828 Achaeorum
918 1801 1104 1839 praetorem
1121 1801 1215 1837 gesto
1233 1797 1274 1827 ab
1292 1795 1420 1828 Aetolis
1436 1796 1542 1828 inter-

126 1841 231 1874 fectus
249 1847 310 1874 est.
345 1842 456 1874 Aetoli
474 1853 597 1884 quoque
615 1843 655 1873 ab
675 1842 821 1873 amicitia
838 1842 951 1884 populi
963 1842 1101 1873 Romani
1114 1841 1325 1882 defecerunt,
1343 1852 1413 1873 cum
1429 1844 1543 1883 quibus

125 1888 286 1920 societate
300 1888 411 1919 iuncta
424 1888 606 1919 Antiochus
628 1887 746 1930 Syriae
766 1898 836 1928 rex,
856 1899 923 1919 cum
941 1888 1061 1919 bellum
1077 1887 1236 1919 Graeciae
1254 1887 1430 1928 intulisset,
1453 1898 1541 1919 com-

122 1933 234 1975 plures
258 1934 354 1965 urbes
388 1934 571 1975 occupavit,
606 1933 692 1965 inter
725 1944 804 1975 quas
838 1933 1025 1965 Chalcidem
1065 1937 1098 1965 et
1131 1937 1234 1964 totam
1267 1933 1441 1965 Euboeam.
1490 1943 1542 1965 res

123 1983 297 2020 praeterea
324 1979 355 2010 iu
384 1979 556 2020 Liguribus
582 1983 692 2020 gestas
718 1983 750 2010 et
775 1979 967 2021 adparatum
994 1979 1074 2011 belli
1098 1979 1138 2010 ab
1163 1978 1328 2010 Antiocho
1354 1978 1509 2010 continet.

593 2158 662 2190 EX
693 2158 851 2190 LIBRO
877 2158 1068 2191 XXXVI.

213 2238 338 2270 Acilius
358 2237 494 2270 Glabrio
513 2238 624 2269 consul
644 2238 839 2270 Antiochum
860 2238 901 2270 ad
921 2237 1158 2280 Thermopylas
1178 2237 1327 2280 Philippo
1349 2247 1425 2278 rege
1443 2237 1538 2269 adiu-

119 2288 222 2316 vante
254 2284 379 2315 victum
413 2282 554 2315 Graecia
585 2284 722 2326 expulit,
759 2283 906 2325 idemque
938 2282 1075 2315 Aetolos
1112 2283 1252 2324 subegit.
1301 2282 1334 2314 P.
1369 2283 1539 2315 Cornelius

122 2328 230 2371 Scipio
247 2328 367 2361 Nasica
392 2329 504 2360 consul
521 2329 633 2360 aedem
650 2329 763 2361 matris
789 2330 893 2367 deum,
919 2339 1013 2371 quam
1038 2329 1106 2371 ipse
1130 2329 1163 2360 in
1191 2329 1356 2360 Palatium
1380 2329 1539 2360 intulerat

122 2375 176 2405 vir
194 2375 331 2416 optimus
351 2386 370 2407 a
394 2379 510 2407 senatu
534 2374 708 2415 iudicatus,
735 2375 918 2413 dedicavit3
946 2374 1093 2416 idemque
1117 2375 1213 2406 Boios
1232 2374 1345 2406 Gallos
1372 2374 1479 2406 victos
1504 2374 1536 2405 iu

122 2420 318 2452 deditionem
335 2420 463 2462 accepit
480 2424 514 2451 et
532 2420 570 2451 de
586 2420 626 2452 iis
640 2420 864 2463 triumphavit.
907 2424 1079 2462 praeterea
1103 2421 1239 2452 navalia
1263 2420 1444 2452 certamina
1460 2430 1537 2462 pro-

121 2475 216 2507 spera
239 2466 395 2498 adversus
420 2464 602 2507 praefectos
627 2465 781 2498 Antiochi
807 2466 894 2507 regis
919 2464 1119 2498 reseruntur.
