1715 2723
139 31 171 52 a.
191 22 241 49 Ch.
264 22 322 48 190.

573 20 698 53 LIBER
721 20 900 54 XXXVII.
945 19 1036 53 CAP.
1071 23 1100 54 5.
1125 22 1155 55 6.

1484 21 1564 63 167

146 131 331 178 petratam
357 136 493 176 pacem
521 123 568 162 ab
599 129 736 162 senatu
769 123 888 162 nihilo
906 124 1036 162 minus
1056 136 1126 175 per
1147 136 1257 162 suam
1281 123 1565 162 cunctationem

146 182 343 227 haberent,
367 192 593 231 oppugnare
613 180 756 219 Acilius
779 180 1026 231 Amphissam
1050 180 1190 219 statuit.
1225 179 1272 219 ab
1292 180 1475 219 Heraclea
1494 191 1565 230 per

143 239 279 278 Oetam
303 237 493 276 exercitus
525 249 569 276 eo
601 235 801 275 deductus.
852 249 941 276 cum
969 236 1015 275 ad
1040 237 1193 275 moenia
1216 242 1338 275 castra
1358 236 1564 288 posuisset,
1583 245 1604 276 5

144 306 225 333 non
255 306 412 339 corona,
443 294 541 332 sicut
571 292 754 338 Lamiam,
786 292 852 330 sed
886 293 1071 344 operibus
1093 305 1319 344 oppugnare
1344 292 1484 331 urbem
1504 299 1563 331 est

137 351 314 389 adortus.
359 350 537 400 pluribus
567 348 683 387 simul
701 348 796 386 locis
820 349 918 387 aries
939 349 1228 396 admovebatur,
1257 355 1293 388 et
1313 362 1403 388 cum
1424 356 1560 400 quate-

142 413 280 446 rentur
311 407 425 453 muri,
457 406 550 444 nihil
579 405 766 443 adversus
788 405 860 443 tale
882 405 1174 444 machinationis
1196 418 1317 456 genus
1340 418 1476 457 parare
1497 411 1562 444 aut

142 463 389 502 comminisci
421 461 603 513 oppidani
629 460 890 507 co11abantur3
923 462 1051 500 omnis
1073 474 1161 512 spes
1182 462 1222 500 in
1245 462 1360 501 armis
1383 469 1419 501 et
1438 462 1559 501 auda—
1579 471 1599 503 6

140 521 199 559 cia
228 526 327 558 erat:
362 517 629 569 eruptionibus
660 516 806 555 crebris
841 524 876 556 et
898 518 1081 556 stationes
1103 518 1273 557 hostium
1296 525 1332 557 et
1354 530 1420 557 eos
1442 519 1560 570 ipsos,

142 576 209 627 qui
232 577 331 614 circa
354 587 470 626 opera
493 581 529 613 et
549 573 746 612 machinas
768 580 887 619 erant,
918 573 1135 612 turbabant.
1165 575 1291 613 Multis
1314 581 1445 613 tamen
1466 575 1560 614 locis
1587 581 1613 619 6

140 633 331 671 decussus
365 643 502 670 murus
535 636 625 676 erat,
653 642 743 668 cum
771 630 939 668 adlatum
969 636 1026 669 est
1047 643 1317 669 successorem
1335 631 1563 681 Apolloniae

141 688 319 739 exposito
344 687 511 726 exercitu
533 698 603 737 per
623 686 786 737 Epirum
809 699 852 724 ac
874 687 1110 725 Thessaliam
1130 687 1273 725 venire.
1322 699 1413 725 cum
1435 688 1562 726 trede-
1582 693 1601 725 2

142 745 217 783 cim
239 744 394 782 milibus
415 743 591 794 peditum
612 749 648 781 et
670 743 891 794 quingentis
907 743 1101 794 equitibus
1117 744 1255 782 consul
1270 743 1456 782 veniebat.
1487 744 1563 782 iam

141 801 182 839 in
202 801 331 839 sinum
353 800 553 839 Maliacum
578 805 756 846 venerat3
789 805 825 838 et
839 800 1061 850 praemissis
1084 800 1287 851 Hypatam,
1322 800 1389 851 qui
1412 800 1563 839 tradere

142 857 282 897 urbem
312 857 502 903 iuberent,
547 863 754 907 postquam
790 857 886 894 nihil
915 869 1150 908 responsum
1185 863 1243 896 est
1271 857 1345 895 nisi
1376 869 1421 894 ex
1452 869 1563 895 com-

143 914 253 952 muni
275 914 500 952 Aetolorum
524 913 678 951 decreto
703 911 886 960 facturos,
917 925 965 951 ne
989 919 1135 952 teneret
1156 926 1196 952 se
1217 913 1454 964 oppugnatio
1479 913 1563 965 Hy-

142 976 250 1021 patae
273 970 450 1008 nondum
471 969 677 1020 Amphissa
698 977 861 1020 recepta,
883 970 1097 1021 praemisso
1123 972 1240 1008 fratre
1260 970 1443 1008 Africano
1466 970 1563 1008 Am-

142 1027 314 1077 phissam
345 1027 460 1065 ducit.
509 1026 581 1064 sub
612 1026 822 1064 adventum
850 1038 987 1064 eorum
1019 1027 1202 1077 oppidani
1233 1027 1362 1065 relicta
1391 1026 1487 1065 urbe
1510 1049 1564 1053 —-
1583 1038 1602 1069 3

140 1083 218 1121 iam
249 1083 351 1121 enim
384 1095 520 1134 magna
553 1095 599 1121 ex
626 1088 732 1132 parte
764 1083 968 1121 moenibus
1002 1083 1143 1121 nudata
1174 1088 1254 1122 erat
1275 1106 1329 1109 —
1350 1083 1390 1121 in
1422 1095 1562 1129 arcem,

143 1151 260 1189 quam
280 1138 618 1190 inexpugnabilem
641 1138 792 1185 habent,
822 1152 958 1178 omnes
981 1140 1115 1178 armati
1135 1145 1248 1190 atque
1270 1139 1440 1178 inermes
1464 1151 1561 1178 con-

142 1208 305 1234 cessere.

257 1251 401 1291 Consul
422 1263 489 1289 sex
511 1251 613 1289 milia
635 1252 714 1289 fere
741 1263 928 1301 passuum
948 1251 1038 1290 inde
1060 1252 1191 1302 posuit
1215 1257 1349 1290 castra.
1388 1264 1433 1290 eo
1454 1252 1566 1303 legati
1583 1262 1605 1294 4

138 1396 226 1436 Zeit,
259 1407 284 1428 s.
319 1397 372 1435 27,
410 1397 464 1435 21,
500 1398 539 1435 33
574 1397 627 1433 29,
659 1397 712 1435 34,
743 1397 760 1428 7
787 1407 818 1427 u.

142 1453 185 1483 a.‚
210 1442 262 1474 die
289 1443 371 1473 uach
396 1452 422 1474 c.
441 1443 472 1481 4,
499 1443 516 1473 7
535 1441 631 1472 kaum
649 1441 819 1482 begonnen

143 1489 212 1520 hat.
228 1506 271 1510 —
290 1499 355 1519 non
379 1490 451 1526 imp.
472 1487 516 1518 ist
541 1487 590 1518 als
617 1487 676 1518 der
693 1487 819 1529 Haupt-

140 1533 266 1574 begriff
287 1532 539 1573 vorangestellt,
577 1537 669 1564 sonst
705 1532 819 1564 wiirde

142 1589 217 1610 man
233 1589 343 1618 pacem
368 1580 405 1610 ab
431 1589 494 1609 sen.
518 1589 550 1608 n.
584 1580 657 1618 imp.
691 1588 820 1609 erwar-

145 1628 211 1663 ten,
246 1634 271 1655 s.
305 1624 359 1663 36,
397 1625 451 1663 31,
488 1625 538 1656 10.
566 1641 608 1645 -—
632 1635 732 1663 suam,
763 1624 821 1655 der

144 1669 275 1709 Ro'mer,
312 1669 363 1701 die
399 1669 432 1700 in
471 1671 587 1700 aestiva
619 1680 680 1700 nur
718 1679 820 1709 ange-

143 1715 258 1746 deutet
271 1714 355 1746 sind.
377 1725 401 1748 5,
416 1716 469 1753 36,
486 1716 539 1754 40,
560 1716 607 1747 12.
622 1733 664 1737 -—
678 1716 819 1754 Her-acl„

145 1762 199 1800 36,
225 1762 278 1799 25,
305 1759 406 1791 dahin
433 1759 560 1791 scheint
585 1770 621 1791 er
645 1761 729 1791 nach
765 1760 821 1791 der

144 1805 338 1846 Eroberung
364 1816 428 1836 von
464 1804 578 1836 Lamia
610 1815 755 1846 gezogen
781 1816 821 1837 zu

137 1851 226 1882 56111.
259 1869 301 1873 -
321 1862 383 1890 per
408 1853 471 1882 Oet.
494 1855 568 1889 etc„
603 1851 664 1883 den
699 1850 819 1892 Com,

146 1907 211 1927 von
229 1896 300 1928 dem
314 1896 442 1927 siidlich
461 1896 493 1927 in
511 1896 629 1928 Lokris
648 1896 821 1938 Amphissa

142 1941 212 1983 lag,
233 1942 362 1973 scheint
386 1952 422 1973 er
438 1951 621 1982 umgangen
639 1953 678 1973 zu
703 1942 820 1974 haben.

144 1986 324 2029 L'ehrigens
349 1987 437 2028 zeigt
462 1988 547 2018 auch
572 1988 680 2019 dieser
698 1986 822 2019 Ueber-

140 2042 242 2073 gang,
268 2033 336 2074 vgl.
366 2035 420 2072 36,
449 2034 501 2073 30,
529 2033 602 2065 dass
625 2035 679 2074 36,
708 2035 758 2073 15,
783 2035 819 2067 11

146 2077 239 2109 nicht
267 2088 351 2119 ganz
375 2077 490 2110 scharf
521 2089 560 2109 zu
596 2079 733 2110 nehmen
766 2079 822 2113 ist.

147 2141 190 2145 —-
215 2125 346 2163 deduce„
375 2134 439 2154 von
468 2124 526 2155 der
552 2123 641 2156 Ho'he
669 2124 724 2156 des
750 2123 817 2156 Ge—

144 2168 274 2210 birges3
320 2168 450 2201 Andere
490 2169 581 2201 lesen
617 2172 736 2202 ductus.
780 2188 821 2192 —

138 2217 260 2254 operib.
280 2233 324 2237 -
340 2217 488 2254 machin„
509 2215 575 2256 vgl.
604 2216 657 2254 25,
688 2217 739 2254 11,
761 2217 820 2249 10:

140 2271 214 2291 -cum
247 2262 309 2292 iam
344 2262 614 2293 machinationum
648 2264 734 2293 omni
767 2273 822 2304 qe-

140 2317 218 2337 mere
249 2312 278 2339 et
310 2308 454 2346 operibus
494 2313 743 2348 oppuqnaretur.
780 2326 823 2329 —

139 2353 227 2383 m’hz'l
261 2370 303 2374 —-
329 2364 447 2392 comm„
479 2352 597 2384 andex-s
631 2353 685 2394 36,
715 2354 768 2394 23,
793 2354 822 2386 2.

145 2415 188 2418 —-
221 2408 271 2429 eos
303 2399 374 2438 ips,
418 2397 470 2428 die
509 2397 723 2429 unmittelbar
759 2398 822 2438 bei,

146 2440 206 2473 auf
229 2460 272 2465 —-
297 2444 448 2483 standen,
475 2443 566 2475 nicht
594 2443 658 2476 wie
683 2443 734 2475 die
757 2450 824 2476 sca-

887 1400 985 1429 tz'ones
1012 1396 1133 1428 weiter
1157 1395 1304 1429 entfernt
1328 1407 1448 1430 waren.

936 1440 973 1478 6.
1004 1443 1098 1475 1-3.
1127 1444 1256 1482 decuss.,
1293 1444 1347 1482 33,
1380 1445 1428 1483 17,
1464 1444 1496 1476 9.
1521 1461 1566 1465 —

889 1489 1008 1528 Apoll.,
1027 1489 1081 1529 35,
1109 1489 1163 1527 24,
1184 1491 1214 1521 Τ.
1232 1506 1275 1510 —
1288 1500 1349 1528 per
1368 1491 1428 1529 Ep.
1447 1501 1475 1521 a.
1494 1491 1564 1529 Th„

889 1534 957 1565 wol
982 1533 1157 1565 denselben
1177 1533 1265 1575 &Veg
1290 1535 1354 1566 wie
1373 1536 1426 1574 36,
1454 1536 1506 1576 14,
1534 1536 1564 1574 3,

891 1580 975 1610 daun
1001 1589 1042 1610 an
1060 1579 1191 1621 Hypata
1211 1580 1366 1617 voriiber,
1392 1580 1496 1612 durch
1513 1580 1566 1612 die

889 1623 1145 1666 Thermopylen,
1180 1624 1243 1656 wie
1281 1636 1306 1658 c.
1345 1628 1374 1663 5,
1413 1628 1443 1664 4,
1481 1627 1567 1657 1111611

890 1670 1005 1712 Amph.
1034 1687 1077 1691 —-
1101 1672 1178 1701 tred.
1203 1673 1279 1707 mil„
1307 1671 1358 1702 die
1379 1681 1405 1702 6.
1431 1673 1462 1710 2,
1489 1673 1508 1704 2
1533 1683 1566 1703 11.

890 1718 921 1755 4,
954 1717 971 1748 3
997 1715 1234 1747 bezeichneten
1251 1715 1420 1758 Truppen3
1447 1715 1564 1759 Polyb.

889 1761 982 1792 hatte
1003 1760 1055 1792 die
1081 1760 1165 1792 Zahl
1200 1761 1257 1792 der
1287 1761 1402 1793 Reiter
1434 1764 1567 1803 grosset-

890 1806 1079 1848 angegeben
1104 1806 1154 1837 als
1184 1806 1236 1838 die
1268 1806 1474 1848 Annalisten,
1501 1808 1566 1840 wic

891 1853 944 1892 36,
985 1854 1035 1891 14,
1076 1853 1101 1884 1.
1126 1870 1169 1873 —
1193 1856 1254 1884 sin.
1288 1855 1379 1889 Maza,
1413 1854 1467 1890 36,
1513 1855 1564 1894 14,

893 1899 943 1930 12.
970 1915 1011 1921 -
1037 1904 1163 1929 rewerat
1189 1897 1274 1938 folgt
1308 1899 1392 1930 nach
1427 1901 1567 1931 veniebat

890 1943 953 1974 und
975 1945 1091 1983 venire,
1109 1943 1172 1974 wie
1198 1943 1268 1975 sich
1291 1944 1446 1976 'ahnliche
1466 1944 1565 1977 Wie-

891 1988 1116 2029 derholungen
1140 1988 1194 2020 bei
1221 1989 1256 2021 L.
1282 1990 1366 2021 auch
1387 1994 1479 2022 sonst
1503 1990 1566 2021 fin-

891 2034 969 2074 den,
1009 2035 1091 2065 doch
1128 2034 1173 2066 ist
1208 2045 1250 2066 an
1274 2046 1305 2066 u.
1347 2034 1405 2076 St„
1442 2037 1482 2067 da
1514 2035 1566 2068 die

890 2080 960 2111 Hss.
1002 2079 1098 2111 meist
1143 2082 1218 2112 sinu
1264 2082 1400 2112 Maliaco
1447 2081 1565 2122 haben,

891 2125 982 2157 viell.
1027 2127 1090 2156 iam
1122 2126 1215 2165 (oder
1251 2127 1335 2157 nach
1365 2127 1424 2158 der
1455 2127 1565 2158 Bamb.

890 2171 944 2202 Hs.
984 2174 1046 2202 iam
1082 2173 1175 2210 enim)
1213 2174 1247 2203 in
1280 2183 1305 2205 s.
1345 2173 1392 2204 M.
1428 2179 1496 2205 erat
1527 2183 1567 2204 zu

890 2217 981 2248 lesen
1006 2217 1071 2248 und
1103 2217 1209 2249 dieses
1238 2217 1301 2248 wie
1328 2227 1355 2252 6,
1395 2219 1425 2255 S,
1460 2220 1481 2251 4
1516 2217 1566 2250 als

890 2261 1093 2294 Parenthese
1118 2273 1158 2293 zu
1184 2263 1330 2295 nehmen.

937 2310 1036 2341 4-—5.
1074 2310 1190 2340 Consul
1221 2312 1296 2345 ete„
1330 2317 1426 2339 wenn
1460 2307 1494 2339 L.
1529 2318 1566 2339 so

892 2353 1106 2395 geschriebeu
1136 2355 1193 2385 hat
1215 2355 1339 2393 (consul
1374 2353 1475 2385 findet
1496 2353 1568 2385 sich

893 2410 954 2430 nur
986 2399 1019 2430 iu
1050 2399 1108 2430 der
1141 2399 1203 2431 Mz.
1245 2399 1322 2438 1151,
1364 2409 1399 2430 50
1439 2399 1483 2430 ist
1515 2399 1568 2431 die

893 2444 1109 2485 Darstellung
1147 2445 1202 2476 des
1242 2444 1311 2476 Pol.
1349 2449 1453 2476 etwas
1489 2455 1570 2477 ver-
