1715 2723
186 285 203 314 5

186 395 204 425 ὅ

185 508 201 516 -v

191 518 197 538 l

184 621 202 652 8

183 794 202 823 9

162 961 201 992 10

162 1184 196 1215 11

162 1298 199 1330 12

708 172 832 206 LIBER
849 173 993 206 XXXII.
1021 172 1112 206 CAP.
1133 173 1186 205 22.
1503 190 1528 207 a.
1544 190 1572 207 u.
1585 183 1646 209 556.

241 176 318 214 14ss

234 276 362 315 liberis
383 275 694 326 temperaverint.
731 276 854 315 Risias
876 275 1110 315 Pellenensis
1133 279 1234 322 erat3
1257 274 1379 314 filium
1401 276 1647 329 damiurgum

233 332 391 371 nomine
412 332 659 370 Memnonem
680 332 862 377 habebat,
892 332 1011 383 partis
1034 331 1128 377 eius,
1153 344 1250 382 quae
1273 332 1474 372 decretum
1494 335 1648 374 recitari

232 388 507 440 perrogarique
529 389 740 427 sententias
762 388 1003 439 prohibebat.
1045 388 1076 426 is
1099 388 1163 426 diu
1192 387 1407 427 obtestatus
1430 389 1551 428 filium
1565 421 1573 436 ,
1603 395 1647 430 ut

233 445 435 484 consulere
455 445 629 484 Achaeos
651 445 850 484 communi
871 445 982 483 saluti
1004 448 1221 495 pateretur,
1251 455 1328 482 neu
1348 445 1555 496 pertinacia
1576 459 1646 486 sua

231 506 386 552 gentem
416 502 634 540 universam
664 501 859 552 perditum
882 501 972 547 iret,
995 505 1204 551 postquam
1234 512 1372 551 parum
1393 502 1646 552 proficiebant

231 570 388 609 preces,
419 558 567 597 iuratus
597 571 637 596 se
665 570 755 596 eum
785 570 854 596 sua
881 569 1000 597 manu
1029 557 1359 608 interempturum
1381 569 1452 596 nec
1472 570 1543 609 pro
1565 559 1643 598 filio

231 614 297 653 sed
318 627 389 665 pro
410 615 524 653 hoste
545 614 787 660 habiturum,
810 614 926 652 minis
947 614 1128 664 pervicit,
1156 618 1199 652 ut
1220 618 1377 664 postero
1399 614 1458 652 die
1479 615 1645 653 coniun-

231 676 338 721 geret
360 670 405 708 iis
423 684 475 717 se,
500 671 565 722 qui
581 671 809 709 referebant.
849 671 914 722 qui
931 683 1019 709 cum
1036 670 1165 720 plures
1182 669 1272 708 facti
1288 670 1490 717 referrent,
1515 671 1643 709 omni-

230 728 303 766 bus
323 727 404 765 fere
432 727 583 777 populis
613 727 713 765 haud
744 727 857 765 dubie
895 726 1198 777 approbantibus
1225 726 1452 764 relationem
1481 740 1524 766 ac
1551 739 1643 778 prae

231 796 272 822 se
292 783 519 829 ferentibus,
543 783 634 834 quid
657 783 845 822 decreturi
869 788 1009 827 essent,
1033 782 1190 833 Dymaei
1211 795 1254 821 ac
1275 782 1584 833 Megalopolitani
1605 788 1644 822 et

231 840 388 891 quidam
409 839 653 890 Argivorum,
674 840 901 890 priusquam
931 840 1131 877 decretum
1159 839 1287 885 fieret,
1316 844 1644 878 consurrexerunt

230 909 274 934 ac
300 896 543 946 reliquerunt
572 895 778 933 concilium
806 907 931 945 neque
966 895 1130 933 mirante
1164 894 1242 933 ullo
1277 906 1349 933 nec
1383 895 1642 945 improbante.

230 963 321 990 nam
351 951 690 1002 Megalopolitanos
718 963 879 989 avorum
901 951 1091 989 memoria
1110 950 1243 1000 pulsos
1264 950 1309 988 ab
1331 950 1644 990 Lacedaemoniis

230 1008 452 1046 restituerat
472 1008 511 1045 in
532 1007 696 1058 patriam
713 1007 940 1057 Antigonus,
965 1012 1002 1045 et
1023 1006 1211 1057 Dymaeis,
1235 1006 1354 1057 captis
1370 1019 1495 1058 nuper
1515 1007 1645 1059 direp-

229 1065 356 1115 tisque
379 1064 424 1102 ab
446 1064 616 1102 exercitu
637 1064 835 1110 Romano,
859 1076 948 1102 cum
977 1063 1117 1102 redimi
1146 1076 1232 1110 eos,
1261 1062 1497 1114 ubicumque
1524 1064 1644 1102 servi-

229 1126 326 1166 rent,
350 1120 551 1171 Philippus
568 1120 754 1165 iussisset,
777 1131 858 1157 non
878 1120 1093 1158 libertatem
1116 1119 1232 1157 modo
1255 1119 1321 1157 sed
1343 1120 1459 1158 etiam
1480 1119 1643 1170 patriam

230 1176 469 1223 reddiderat,
497 1177 573 1215 iam
595 1176 739 1227 Argivi,
771 1181 1043 1227 praeterquam
1074 1176 1177 1225 quod
1194 1175 1449 1214 Macedonum
1465 1187 1574 1226 reges
1595 1176 1641 1214 ab

230 1246 271 1271 se
294 1233 479 1271 oriundos
503 1233 677 1277 eredunt,
699 1232 855 1283 privatis
872 1232 988 1271 etiam
1005 1231 1179 1282 hospitiis
1200 1231 1453 1282 familiarique
1476 1231 1643 1270 amicitia

229 1289 403 1340 plerique
432 1289 563 1339 illigati
583 1289 762 1341 Philippo
792 1294 910 1327 erant.
954 1288 1002 1326 ob
1024 1288 1118 1326 haec
1140 1287 1322 1333 coneilio,
1356 1288 1459 1338 quod
1480 1288 1643 1344 inclina-

229 1350 335 1384 verat
356 1345 402 1383 ad
424 1345 640 1383 Romanam
661 1345 883 1383 societatem
908 1344 1133 1390 iubendam,
1161 1349 1424 1390 excesserunt,
1456 1344 1642 1396 veniaque

231 1477 311 1511 ete,
335 1472 394 1503 der
411 1471 496 1512 Tag,
520 1470 574 1502 fiir
597 1471 649 1503 die
666 1471 898 1504 Verhandlun-

230 1527 291 1557 gen
310 1527 349 1548 an
368 1516 567 1547 demselben.
583 1534 627 1538 —
643 1519 729 1556 erat,
749 1527 774 1548 s.
796 1517 825 1556 7,
844 1516 897 1555 26,

230 1564 261 1593 2.
307 1561 511 1595 Pelleneus.,
552 1571 610 1592 aus
646 1561 795 1602 Pellene,
838 1562 898 1592 der

230 1606 427 1638 iistliehsten
474 1606 655 1646 eigentlieh
700 1607 896 1638 achiiischen

229 1651 335 1683 Stadt.
361 1670 406 1674 -—
429 1650 603 1683 decretum
627 1653 721 1683 recit.
752 1652 795 1682 ist
823 1651 898 1682 hier

229 1696 382 1728 dasselbe
399 1696 462 1726 wie
482 1697 502 1738 ξ
523 1697 540 1725 3
558 1696 746 1735 relaturos,
764 1696 897 1727 iihnlieh

229 1744 301 1780 [θεῖς
326 1740 384 1783 §4
407 1741 452 1772 ist
476 1751 510 1772 es
534 1741 710 1772 Beschluss
734 1742 791 1772 des
818 1741 897 1773 Vol-

229 1787 304 1826 kas,
319 1788 520 1829 perrogari,
539 1797 604 1817 von
622 1787 692 1817 dem
711 1786 895 1817 romischen

229 1832 371 1871 Senate,
386 1842 410 1862 s.
432 1832 490 1872 34,
508 1831 561 1871 23,
583 1832 610 1871 l,
629 1830 688 1863 auf
701 1831 753 1862 die
771 1831 894 1864 Volks-

228 1877 474 1915 versammlung
491 1876 746 1917 iibergctragen.
770 1895 813 1898 —
837 1876 893 1907 α’ἱιι

228 1921 345 1952 obtest.
352 1921 441 1961 ,ng
461 1920 512 1951 die
531 1920 633 1952 Scene
649 1921 702 1958 23,
718 1921 747 1952 8.
761 1931 895 1963 —per-

228 1966 338 1997 (litum
361 1967 402 1997 ir.
412 1965 511 2005 ,.vgl
536 1975 606 1997 was
630 1965 747 2008 Ρο13.1)
769 1965 825 2007 17,
854 1966 893 2017 13

228 2011 308 2042 iiber
322 2010 521 2042 Aristaenus
534 2011 688 2042 urtheilt·
708 2010 738 2042 εἰ
754 1990 826 2053 fimi
842 2007 893 2063 μὴ

228 2064 296 2087 συν
325 2056 441 2108 scateo]
469 2052 551 2087 τότε
578 2057 780 2100 μετεωριψε
809 2053 894 2091 τοὺς

230 2098 398 2154 Ἀχαιοῖς
418 2086 602 2143 Amatam
596 2112 645 2136 ος
660 2119 697 2140 —,
724 2100 894 2143 φανερῶς

226 2142 358 2197 ἄρδην
361 2129 547 2177 ἀπολώλει
564 2145 605 2177 τὸ
624 2145 743 2179 ἔθνος
769 2155 789 2176 ν
794 2144 834 2177 ῦν
852 2142 893 2176 δὲ

227 2209 248 2213 —
272 2187 454 2230 αὐξήσεως
482 2191 554 2222 τῶν
579 2188 734 2233 Ἀχαιῶν
758 2186 893 2232 ὁμολο-

225 2234 671 2288 γουμένωςαῖτιοςέδόκει
668 2235 892 2286 γεγονέναι·

228 2278 287 2312 διὸ
321 2280 381 2311 καὶ
420 2276 556 2316 πάντες
594 2276 705 2312 αὐτὸν
744 2276 811 2321 οὐχ
845 2277 892 2315 ὠς

227 2322 460 2367 προδότην
497 2322 575 2356 ἀλλ’
618 2323 664 2361 ὡς
702 2322 892 2370 εὐξυγέτην

226 2370 286 2401 καὶ
305 2370 450 2421 σωτῆρα
468 2371 529 2410 τῆς
541 2382 666 2413 χωοας
683 2355 827 2411 greitan.

225 2416 384 2457 refereb7
403 2415 467 2446 uie
484 2414 504 2457 ξ
524 2415 560 2453 3;
579 2416 660 2447 iiber
676 2415 727 2446 die
745 2414 843 2445 Form
862 2425 887 2445 s.

227 2460 279 2500 34,
300 2461 328 2499 1,
348 2461 377 2491 7.
395 2479 439 2483 ——
452 2460 571 2503 phares
586 2461 634 2503 f.,
649 2460 698 2491 die
716 2458 891 2501 Majorit'at.

227 2505 376 2536 erhalten
408 2506 532 2537 hatten.
568 2525 611 2528 —
642 2506 781 2548 appreh.
813 2509 889 2543 etc„

226 2549 316 2581 nicht
329 2550 534 2590 abstimmen,
552 2551 694 2582 sondern
710 2550 804 2581 ihren
818 2549 891 2580 Bei-

226 2593 284 2626 fall
308 2606 347 2626 zu
366 2595 530 2627 erkennen
554 2596 658 2637 geben
674 2595 740 2627 und
764 2594 890 2636 zeigen,

971 1471 1034 1502 wie
1052 1471 1102 1502 sie
1120 1470 1271 1502 stinunen
1290 1470 1437 1502 wiirden.

1017 1516 1139 1547 9-12.
1177 1515 1336 1557 Dymaei,
1366 1526 1394 1547 e.
1424 1514 1483 1555 21,
1512 1514 1566 1546 28.
1595 1533 1640 1538 —

970 1560 1217 1603 Megalopolit„
1236 1560 1304 1601 vgl.
1323 1570 1350 1591 c.
1370 1561 1404 1597 5,
1424 1561 1455 1591 5.
1490 1559 1639 1601 Megalo-

970 1606 1055 1647 polis
1090 1606 1153 1636 und
1183 1605 1311 1646 Argos,
1345 1604 1487 1636 welches
1515 1605 1638 1646 jedoch

971 1651 1052 1682 nach
1070 1650 1105 1681 L.
1125 1651 1209 1681 noch
1231 1654 1405 1681 vertreten
1428 1649 1521 1680 wiire
1548 1651 1638 1691 (qai—

969 1695 1083 1735 (Ιαηι),
1119 1695 1186 1736 vgl.
1220 1706 1246 1726 c.
1282 1695 1339 1736 25,
1369 1696 1406 1735 4,
1440 1704 1554 1726 waren
1586 1695 1639 1726 die

969 1743 1124 1781 griissten
1138 1740 1255 1772 St‘zidte
1273 1740 1329 1771 des
1343 1739 1482 1771 Bundes.
1502 1758 1547 1762 -
1560 1740 1638 1782 pul-

969 1796 1024 1817 sos
1048 1790 1127 1827 ete,
1158 1785 1201 1816 im
1231 1785 1491 1816 eleomenisehen
1513 1783 1638 1826 Kriege

970 1841 1041 1862 war
1064 1830 1285 1871 Megalopolis
1315 1840 1378 1861 von
1409 1830 1470 1861 den
1499 1829 1637 1871 Sparta-

968 1886 1050 1906 nern
1080 1877 1215 1906 erobert
1243 1875 1308 1905 und
1337 1884 1409 1905 zum
1438 1873 1534 1905 Theil
1563 1884 1637 1905 zer-

968 1922 1055 1952 stiirt
1073 1920 1219 1960 worden,
1238 1920 1290 1950 die
1303 1918 1504 1951 Einwohner
1520 1919 1636 1951 hatten

968 1965 1038 1997 sich
1056 1965 1138 1996 nach
1156 1964 1307 1995 Messene
1323 1964 1512 2005 geniichtet,
1529 1974 1556 1995 s.
1572 1963 1636 1996 Po-

966 2011 1036 2053 lyb.
1056 2010 1093 2048 2,
1112 2010 1172 2048 513
1193 2010 1252 2048 553
1273 2009 1333 2047 (513
1352 2009 1413 2049 64ς
1432 2008 1519 2040 Plut.
1537 2008 1634 2041 Arat.

968 2055 1010 2087 36
1021 2053 1056 2094 f.,
1074 2054 1196 2085 Cleom.
1213 2054 1251 2093 ὃς
1270 2053 1455 2095 Antigonus
1472 2054 1565 2086 hatte
1582 2054 1634 2086 die

965 2100 1061 2132 stadt
1078 2099 1389 2131 wiederherstellen
1412 2099 1540 2140 lassen,
1563 2099 1632 2139 vgl.

959 2145 1079 2186 jedoch
1098 2144 1216 2187 Polyb.
1237 2146 1267 2184 5,
1286 2144 1345 2183 933
1364 2143 1502 2175 Pausan.
1524 2143 1554 2183 8,
1572 2143 1632 2183 273

965 2191 1002 2228 4,
1027 2190 1078 2221 29.
1114 2189 1229 2220 Dieses
1252 2199 1324 2220 war
1349 2188 1414 2220 226
1438 2199 1470 2220 n.
1496 2188 1551 2220 Ch.
1575 2198 1634 2229 ge-

965 2235 1122 2273 seheheng
1140 2235 1199 2265 ‹ler
1212 2233 1390 2265 Ausdruck
1405 2243 1545 2265 avorum.
1561 2243 1634 2264 me-

962 2282 1089 2319 moria,
1109 2290 1134 2310 s.
1154 2279 1214 2318 31,
1237 2279 1294 2318 12,
1316 2278 1370 2320 10,
1395 2277 1440 2310 ist
1459 2278 1531 2309 also
1550 2277 1632 2309 eben

965 2336 1000 2356 so
1020 2335 1170 2365 ungenau
1187 2323 1251 2355 wie
1269 2324 1322 2361 34,
1341 2323 1394 2363 26,
1417 2323 1473 2354 13:
1488 2333 1554 2365 per
1569 2322 1631 2354 all-

963 2372 1041 2411 quot
1069 2372 1210 2401 aetate&
1233 2387 1277 2391 —
1300 2370 1384 2408 iam,
1416 2377 1441 2398 S.
1477 2368 1513 2408 1,
1537 2367 1574 2407 9,
1599 2367 1630 2398 9.

962 2433 1004 2437 —
1035 2414 1211 2454 oriundos,
1248 2424 1273 2445 s.
1304 2414 1363 2451 27,
1395 2413 1453 2450 30,
1484 2412 1519 2454 9,
1558 2412 1627 2452 vgl.

962 2460 1120 2491 Ilerodot.
1146 2461 1182 2498 5,
1207 2458 1267 2495 223
1300 2458 1336 2497 8,
1363 2455 1454 2488 137f.
1477 2475 1522 2480 —
1544 2456 1628 2498 iulg.

963 2505 1066 2544 Plze'l.,
1094 2503 1300 2545 gewolmlich
1327 2503 1416 2534 steht
1444 2502 1495 2533 die
1523 2500 1629 2533 Saehe

962 2550 1004 2580 im
1028 2550 1146 2589 Dativ,
1171 2559 1196 2580 s.
1222 2559 1249 2580 c.
1274 2548 1334 2585 21,
1361 2548 1412 2578 11.
1441 2564 1480 2569 —
1511 2547 1628 2578 societ.

962 2595 1042 2635 inb,
1060 2595 1122 2626 wie
1139 2593 1261 2625 bellum
1278 2593 1393 2624 [ubere
1410 2592 1446 2631 7,
1465 2591 1502 2631 6,
1521 2591 1557 2631 73
1575 2600 1629 2623 ro-
