1715 2723
193 111 273 151 320
638 103 763 136 LIBER
780 103 943 137 XXXIV.
968 103 1059 136 CAP.
1078 103 1130 135 32.

1446 118 1472 136 a.
1487 118 1514 135 u.
1529 110 1591 137 559.

145 219 164 250 9
192 208 286 250 ros‘?
316 220 517 248 servorum
539 207 584 246 ad
606 207 823 245 libertatem
844 211 1069 245 vocatorum
1091 209 1128 244 et
1148 204 1346 256 egentibus
1367 205 1592 244 hominibus

125 386 164 418 10

125 498 161 531 11

127 667 166 699 12

128 835 166 867 13

128 946 167 978 14

129 1116 168 1148 15

131 1227 170 1259 16

192 266 271 316 agri
293 264 400 304 divisi
421 263 581 303 crimina
596 263 666 302 tibi
683 263 781 302 obici
798 263 961 308 dicebas,
983 274 1062 301 non
1080 261 1233 312 quidem
1252 273 1324 300 nec
1339 262 1419 313 ipsa
1441 262 1593 301 medio-

193 322 289 369 cria,
311 321 377 360 sed
400 321 490 371 quid
513 320 583 358 ista
603 324 694 358 sunt
715 331 805 370 prae
832 319 896 365 iis,
927 332 1024 370 quae
1051 331 1071 357 a
1100 323 1137 356 te
1164 317 1320 368 tuisque
1356 318 1494 356 cotidie
1523 317 1594 357 alia

194 390 311 428 super
331 377 400 417 alia
422 377 590 416 facinora
612 373 810 414 eduntur?
831 375 966 414 exhibe
988 375 1146 413 liberam
1169 374 1390 413 contionem
1406 375 1464 412 vel
1485 373 1594 424 Argis

193 435 250 472 vel
271 434 570 479 Lacedaemone,
593 433 625 471 si
646 432 776 471 audire
796 431 900 470 iuvat
919 444 1005 470 vera
1023 429 1297 469 dominationis
1314 429 1595 480 impotentissi-

194 503 279 529 mae
301 490 473 529 crimina.
514 494 557 528 ut
578 489 649 528 alia
671 488 800 526 omnia
821 488 1027 527 vetustiora
1060 486 1237 525 omittam
1252 516 1260 531 ,
1292 499 1408 537 quam
1439 486 1596 524 caedem

193 547 303 597 Argis
334 547 568 598 Pythagoras
598 545 689 591 iste,
719 556 835 595 gener
855 550 964 589 tuus,
988 555 1108 594 paene
1130 543 1169 581 in
1191 542 1309 581 oculis
1332 543 1427 580 meis
1450 538 1598 580 edidit?

195 615 310 653 quam
328 608 370 642 tu
385 603 480 653 ipse,
498 614 586 641 cum
604 602 677 639 iam
695 613 814 651 prope
831 601 869 639 in
881 601 1021 638 finibus
1033 599 1424 638 Lacedaemoniorum
1441 609 1565 636 essem
1577 594 1598 635 ἵ)

192 672 260 710 age
282 660 395 705 dum,
418 671 515 709 quos
542 658 582 696 in
608 657 788 695 contione
819 657 1119 707 comprehensos
1148 655 1328 693 omnibus
1356 653 1599 693 audientibus

197 716 340 754 civibus
361 715 438 754 tuis
454 720 491 752 te
513 715 551 752 in
569 714 741 752 custodia
758 713 978 751 habiturum
997 725 1081 751 esse
1097 711 1370 762 pronuntiasti,
1388 711 1476 749 iube
1494 710 1600 748 vinc-

195 777 255 810 tos
286 770 467 822 produci,
504 769 636 807 miseri
662 774 861 819 parentes,
892 781 989 819 quos
1010 768 1106 806 falso
1128 768 1276 818 lugent,
1307 767 1431 805 vivere
1463 766 1597 805 sciant.

197 832 234 866 at
255 828 372 872 enim,
395 831 438 864 ut
457 827 531 863 iam
553 825 605 863 ita
627 824 703 862 sint
723 825 829 869 haec,
853 825 943 875 quid
965 824 1011 861 ad
1029 836 1108 868 vos,
1131 820 1329 861 Romani?
1349 823 1422 861 hoc
1438 826 1481 860 tu
1499 822 1598 860 dicas

195 883 444 922 liberantibus
467 878 699 919 Graeciam?
728 881 802 919 hoc
831 880 895 926 iis,
926 879 1010 930 qui,
1036 883 1080 917 ut
1101 878 1261 917 liberare
1283 882 1463 929 possent,
1494 889 1599 916 mare

196 940 441 984 traiecerunt,
464 944 565 976 terra
588 936 761 986 marique
781 941 982 987 gesserunt
1003 933 1176 973 bellum?
1206 947 1272 973 vos
1293 938 1436 980 tamen,
1460 933 1598 984 inquis,

196 1000 438 1044 vestramque
455 993 661 1032 amicitiam
679 1005 722 1031 ac
743 992 965 1031 societatem
982 991 1137 1042 proprie
1152 1002 1231 1029 non
1253 990 1397 1029 violavi.
1421 990 1601 1040 quotiens

196 1052 250 1090 vis
273 1057 308 1089 te
329 1051 365 1089 id
388 1063 545 1101 arguam
566 1047 733 1087 fecisse?
755 1048 820 1087 sed
842 1049 932 1087 nolo
954 1048 1148 1099 pluribus,
1171 1059 1365 1085 summam
1386 1058 1469 1085 rem
1493 1058 1601 1085 com-

197 1108 352 1159 plectar.
384 1107 523 1158 quibus
544 1106 659 1157 igitur
678 1105 793 1144 rebus
814 1104 980 1144 amicitia
996 1102 1189 1143 violatur?
1204 1115 1343 1154 nempe
1359 1103 1418 1141 his
1436 1102 1602 1141 maxime

197 1164 363 1209 duabus,
387 1164 418 1201 si
439 1163 564 1201 socios
586 1175 696 1200 meos
717 1174 786 1212 pro
808 1161 985 1199 hostibus
1004 1160 1144 1199 habeas
1158 1191 1167 1207 ,
1198 1160 1229 1198 si
1250 1172 1338 1198 cum
1368 1159 1543 1197 hostibus
1565 1162 1601 1197 te

199 1220 421 1270 coniungas.
462 1224 673 1269 utrumque
696 1230 714 1256 a
741 1223 779 1256 te
807 1218 951 1256 factum
983 1222 1065 1255 est:
1094 1229 1182 1254 nam
1212 1221 1249 1253 et
1275 1215 1489 1260 Messenen,
1522 1226 1601 1253 uno

199 1282 313 1328 atque
342 1276 478 1314 eodem
509 1275 591 1313 iure
617 1274 785 1312 foederis
815 1286 890 1324 quo
919 1278 957 1311 et
982 1273 1312 1312 Lacedaemonem
1334 1272 1373 1309 in
1394 1271 1603 1310 amicitiam

198 1338 373 1371 nostram
396 1335 611 1382 acceptam,
641 1331 768 1370 socius
790 1329 873 1381 ipse
893 1329 1036 1368 sociam
1057 1329 1167 1368 nobis
1189 1328 1326 1368 urbem
1348 1328 1383 1366 vi
1405 1333 1520 1378 atque
1541 1338 1604 1366 ar-

201 1446 328 1477 welchc
342 1445 412 1477 sich
426 1445 515 1475 nicht
530 1444 743 1476 verschuldet
759 1444 865 1475 haben

203 1492 306 1522 durch
342 1491 392 1522 ein
422 1490 513 1532 publ.
543 1489 676 1528 consib,
710 1500 774 1520 von
807 1489 866 1519 der

986 1442 1117 1474 13-15.
1156 1441 1206 1473 Du
1232 1442 1383 1473 hinderst
1406 1441 1459 1472 die
1485 1440 1605 1471 Rb'inex·

939 1487 1179 1519 Griechenland
1206 1498 1247 1517 zu
1271 1486 1419 1517 befreien
1443 1486 1507 1516 und
1537 1486 1604 1516 bist

203 1536 340 1575 Schuld,
364 1535 415 1566 die
434 1535 465 1565 in
483 1534 669 1565 demselben
687 1534 779 1574 liige,
804 1532 867 1564 frei

204 1581 285 1612 sind.

248 1625 353 1656 9-12.
392 1623 484 1655 Auch
509 1624 560 1655 die
584 1623 710 1655 Thaten
735 1623 868 1654 macheu

205 1670 260 1702 ihn
278 1669 445 1709 schuldig,
471 1679 573 1709 gegen
593 1679 620 1699 c.
640 1669 697 1707 31,
726 1667 807 1699 14ff.
824 1686 869 1690 —

204 1718 368 1753 monton,
393 1714 442 1745 als
466 1714 654 1745 vollendete
672 1712 871 1752 Thatsache,

205 1760 273 1801 vgl.
292 1760 310 1800 ξ
330 1760 366 1797 73
385 1769 412 1789 e.
433 1759 468 1790 31
482 1784 490 1800 ,
512 1760 562 1790 14.
581 1777 625 1781 —-
641 1760 801 1796 erimina,
818 1758 870 1788 die

207 1806 239 1836 in
262 1805 322 1836 den
347 1809 531 1844 genannten
551 1803 678 1834 Thaten
702 1803 870 1842 bestehcn,

207 1850 255 1881 sie
281 1847 611 1893 zum-Gegenstande
640 1848 763 1885 haben,
795 1858 819 1878 s.
839 1848 869 1887 4,

209 1894 267 1934 32,
286 1895 304 1925 5
323 1904 354 1924 u.
372 1903 401 1924 a.
420 1913 460 1916 -—
479 1904 544 1924 non
561 1912 581 1915 —
598 1904 657 1924 nec
676 1894 758 1923 ohne
777 1892 872 1933 Beja-

207 1939 312 1979 hung,
337 1938 401 1978 vgl.
423 1938 481 1977 31,
509 1938 565 1979 38,
590 1938 626 1975 ὃς
651 1938 709 1975 28,
734 1938 873 1976 42,16:

208 1993 273 2014 non
293 1985 390 2025 potes
414 1994 454 2014 ne
478 1985 548 2025 ipse
565 1982 699 2023 quidem
715 1982 873 2014 dissima-

209 2028 297 2065 lare,
318 2027 370 2065 22,
389 2027 508 2065 25,11,
528 2038 588 2058 nur
602 2027 645 2058 ist
659 2038 698 2058 an
713 2039 742 2058 u.
759 2027 806 2058 St.
822 2027 874 2058 die

210 2077 300 2104 erste
318 2071 481 2111 Negation
505 2072 606 2103 durch
625 2072 755 2112 qm'dem
780 2072 875 2102 stark

211 2118 342 2155 betont,
370 2117 461 2149 nicht
477 2127 541 2148 71072
560 2136 579 2139 -
597 2128 637 2147 ne
655 2119 725 2159 ipse
743 2116 875 2157 quidem

212 2166 346 2203 gesagt,
377 2163 458 2193 iiber
486 2172 544 2193 nec
571 2163 643 2204 ipse
667 2162 733 2202 vgl.
753 2161 875 2201 jedoch

213 2208 266 2247 23,
289 2207 337 2245 18,
353 2207 384 2238 4.
400 2225 441 2229 —
459 2207 590 2246 eoelze'be,
610 2216 635 2239 s.
652 2206 720 2237 Cic.
736 2205 806 2237 Mil.
824 2206 874 2243 12,

214 2252 272 2289 333
297 2261 356 2283 zur
374 2251 476 2282 Sache
495 2263 521 2283 s,
541 2252 600 2290 32,
625 2252 682 2288 40,
709 2252 738 2282 2.
758 2270 799 2273 -—-
824 2261 876 2281 ve-

213 2298 360 2328 tustiora
383 2296 427 2328 ist
452 2296 572 2328 relativ
589 2301 721 2337 gesagt,
746 2297 803 2327 das
823 2295 875 2335 31,

215 2342 267 2380 25,
283 2342 319 2379 33
335 2341 386 2381 32,
402 2342 510 2373 38-40
524 2341 682 2373 Erz'zihlte
696 2341 875 2372 besonders

215 2386 367 2426 gemeint.
387 2405 430 2409 —
453 2386 602 2428 caedem,
628 2397 653 2417 s.
675 2397 701 2417 c.
722 2386 778 2426 25,
806 2384 874 2416 lif.

215 2448 258 2453 —
280 2434 316 2461 tu
334 2433 422 2473 ipse,
446 2442 472 2462 s.
492 2442 518 2462 c,
540 2432 592 2471 27,
611 2431 641 2462 8.
668 2450 703 2454 —
723 2432 842 2462 miseri
857 2449 877 2453 —

215 2476 323 2505 sciant
354 2475 398 2506 ist
431 2476 726 2507 nachdriicklicher
757 2475 808 2507 als
841 2477 878 2506 nt

215 2521 334 2551 miseri
349 2525 413 2551 etc.
427 2521 498 2552 sein
515 2522 642 2553 wiirde.

939 1533 991 1564 ihr
1007 1532 1110 1563 Feind
1131 1531 1249 1562 17-19.
1269 1549 1311 1553 —
1329 1534 1367 1562 υἱ
1384 1532 1461 1571 iam,
1481 1530 1534 1570 21,
1552 1531 1605 1570 47,

942 1580 977 1614 ὃς
1005 1577 1142 1616 42,12,
1165 1576 1219 1615 10,
1237 1576 1305 1616 vgl.
1325 1576 1384 1613 32,
1404 1576 1462 1616 21,
1482 1575 1539 1606 21:
1565 1585 1606 1606 ne

940 1624 1009 1653 sint
1025 1632 1115 1653 vera.
1132 1640 1176 1644 —
1199 1620 1308 1659 dicas,
1334 1620 1441 1661 Frage
1466 1620 1521 1651 des
1539 1619 1608 1652 Un-

941 1667 1073 1698 willens
1086 1691 1094 1706 ,
1113 1667 1153 1697 da
1171 1666 1222 1697 die
1239 1665 1342 1697 Sache
1360 1676 1444 1706 ganz
1461 1664 1607 1696 undenk-

943 1713 1003 1744 bar
1027 1711 1172 1743 seheint:
1196 1711 1254 1742 das
1277 1711 1383 1742 willst
1406 1711 1447 1741 du
1471 1721 1501 1741 u.
1521 1720 1548 1741 s.
1565 1719 1608 1741 w.

942 1776 986 1780 —
1000 1768 1055 1788 vos
1068 1760 1159 1798 tam„
1174 1756 1323 1795 obgleich
1338 1756 1389 1786 ich
1403 1755 1608 1796 griechische

943 1802 1058 1833 Stadte
1072 1801 1377 1840 beher1¹sche,doch
1392 1800 1608 1840 nichtu.s.w.‚

944 1847 1008 1878 wie
1026 1857 1061 1878 es
1081 1847 1139 1885 32,
1158 1847 1200 1877 40
1217 1856 1292 1877 vom
1311 1845 1484 1886 Quinctius
1502 1844 1609 1876 selbst

944 1892 1129 1932 angesehen
1147 1891 1272 1921 wurde.
1286 1908 1329 1913 —
1344 1891 1494 1932 proprie,
1513 1900 1539 1921 s.
1556 1888 1608 1928 33,

945 1938 1004 1976 37,
1038 1938 1088 1967 10.
1111 1954 1154 1958 —
1182 1937 1350 1976 qztotz'e713,
1375 1934 1395 1976 ξ
1417 1935 1443 1965 1.
1469 1952 1512 1956 ——
1534 1933 1609 1965 nolo

941 1981 1050 2025 plain,
1081 1991 1107 2012 s.
1133 1991 1160 2011 c.
1180 1980 1238 2020 31,
1267 1979 1321 2019 19,
1345 1980 1408 2010 wie
1430 1978 1491 2010 sed
1508 1979 1611 2021 plut-a

946 2027 1013 2057 Cic.
1032 2025 1122 2057 Fam.
1142 2026 1179 2064 4,
1197 2024 1232 2063 8,
1253 2025 1287 2062 2;
1311 2035 1351 2056 ne
1375 2024 1492 2055 multis
1509 2035 1540 2055 u.
1559 2023 1609 2062 54

946 2072 1029 2103 doch
1051 2070 1179 2102 scheint
1201 2070 1272 2102 sich
1296 2069 1347 2100 die
1372 2069 1497 2111 Ellipse
1521 2068 1611 2100 nicht

947 2115 995 2147 oft
1012 2127 1049 2147 zu
1071 2116 1189 2146 finden.
1208 2134 1251 2138 —
1275 2116 1383 2146 socios
1399 2119 1479 2154 eto,
1504 2123 1609 2154 gegen

947 2162 1006 2192 den
1033 2159 1240 2199 Grundsatz,
1271 2159 1323 2199 37,
1357 2160 1391 2199 1,
1416 2160 1449 2189 5:
1478 2158 1611 2190 eosdem

947 2208 1073 2237 altilem·
1099 2208 1198 2247 atque
1228 2206 1381 2235 inimicos
1408 2204 1540 2236 habere.
1567 2221 1612 2226 —

949 2251 1091 2284 illesa-en.
1107 2275 1113 2286 ,
1136 2250 1202 2291 vgl.
1222 2249 1336 2292 Polyb.
1360 2248 1415 2288 16,
1442 2248 1499 2286 133
1524 2247 1611 2279 Plut.

948 2295 1074 2337 Philop.
1104 2295 1161 2333 123
1192 2295 1332 2326 Pausan.
1355 2294 1391 2333 8,
1422 2294 1480 2334 50,
1509 2294 1546 2331 53
1576 2302 1611 2324 es

949 2351 1020 2372 war
1043 2345 1130 2372 etwa
1153 2340 1213 2371 201
1235 2349 1263 2370 a.
1284 2339 1339 2370 Ch.
1359 2338 1551 2378 geschehen.
1569 2354 1614 2360 ——-

949 2386 1061 2417 codem
1086 2396 1147 2426 quo
1172 2387 1203 2416 et
1220 2384 1316 2423 Lac,
1342 2382 1613 2424 ungewiihn—liche

950 2432 1021 2462 dein
1040 2430 1268 2470 griechischen
1291 2428 1340 2470 τῷ
1365 2425 1478 2469 αὐτῷ,
1504 2426 1531 2469 ῴ
1555 2426 1614 2458 καὶ

950 2476 1183 2516 nachgcahnite
1200 2473 1407 2511 Attraction,
1432 2483 1459 2504 s.
1477 2472 1535 2513 29,
1560 2471 1614 2511 31,

951 2521 990 2561 23
1014 2521 1096 2551 iiber
1113 2520 1170 2551 das
1190 2518 1352 2550 Biiudniss
1371 2517 1438 2558 vgl.
1457 2528 1497 2548 zu
1514 2527 1541 2548 c.
1561 2515 1614 2556 31,
