1715 2723
182 127 265 168 392
735 123 986 156 PERlocHAE.

641 223 711 255 Ex
736 224 889 256 LIBRO
914 223 1128 256 XXXVII.

273 305 309 338 L.
328 303 498 335 Cornelius
519 302 626 344 Scipio
646 302 760 334 consul
777 303 887 344 legato
900 302 1049 345 Scipione
1064 301 1221 334 Africano
1235 302 1349 344 fratre,
1369 306 1423 347 qui
1439 315 1474 338 se
1496 306 1590 347 lega-

181 355 249 382 tum
274 349 388 380 fratris
414 347 556 380 futurum
582 348 724 389 dixerat,
757 348 786 379 si
818 348 848 380 ei
874 347 1015 380 Graecia
1045 348 1214 390 provincia
1248 349 1488 391 decerneretur,
1518 362 1589 384 cum

182 396 214 427 C.
233 394 357 434 Laelio,
377 393 430 435 qui
446 394 581 425 multum
607 393 639 424 in
663 397 780 425 senatu
797 398 937 435 poterat,
965 403 1004 425 ea
1025 393 1197 436 provincia
1221 394 1293 426 dari
1311 394 1491 436 videretur,
1511 407 1589 439 pro-

180 439 285 476 feneus
302 440 343 470 ad
358 439 478 470 bellum
497 439 653 470 adversus
674 438 870 470 Antiochum
895 449 1005 480 regem
1022 440 1207 480 gerendum,
1231 439 1353 481 primus
1369 440 1507 472 omnium
1523 442 1590 474 Ro-

179 494 347 516 manorum
371 484 486 515 ducum
504 484 537 515 in
560 484 671 515 Asiam
699 484 842 515 traiecit.
881 483 1031 525 Regillus
1048 485 1206 516 adversus
1226 485 1350 526 regiam
1364 486 1501 518 classem
1519 486 1590 519 An-

178 529 282 561 tiochi
302 529 446 561 feliciter
470 529 629 571 pugnavit
653 529 693 560 ad
711 529 925 572 Myonnesum
942 529 1078 561 Rhodiis
1104 530 1305 562 iuvantibus.
1331 531 1416 563 filius
1443 530 1592 564 Africani

180 579 293 617 captus
319 575 359 606 ab
381 574 543 606 Antiocho
559 575 647 616 patri
662 574 817 606 remissus
835 579 896 607 est.
926 575 1016 606 victo
1039 575 1154 607 deinde
1171 574 1334 608 Antiocho
1354 577 1394 608 ab
1413 576 1448 608 L.
1465 576 1589 610 Corne-

178 620 224 652 lio
241 620 392 662 Scipione
410 620 586 652 adiuvante
606 619 758 662 Eumene,
775 630 852 661 rege
872 619 1034 661 Pergami,
1052 620 1160 652 Attali
1185 621 1264 661 filio,
1289 632 1355 664 pax
1372 622 1450 653 data
1476 627 1527 654 est
1551 633 1591 655 ea

179 665 378 705 condicione,
404 670 440 696 ut
465 665 609 697 omnibus
634 665 812 708 provinciis
837 666 922 697 citra
946 665 1088 698 Taurum
1113 671 1255 698 montem
1272 668 1412 699 cederet.
1452 667 1487 699 L.
1507 668 1588 700 Cor-

178 710 283 742 nelius
303 710 425 752 Scipio,
444 711 498 752 qui
517 722 588 742 cum
608 710 772 742 Antiocho
789 711 1027 750 debellaverat,
1055 712 1243 752 cognomine
1269 711 1365 744 fratri
1390 718 1591 754 exaequatus

177 756 344 788 Asiaticus
364 756 555 798 appellatus.
585 756 749 797 Eumenis,
779 767 839 798 quo
864 757 999 788 iuvante
1017 756 1198 789 Antiochus
1224 757 1332 789 victus
1353 762 1435 798 erat,
1456 768 1590 800 regnum

177 801 375 843 ampliatum.
421 801 556 833 Rhodiis
580 811 715 844 quoque,
740 802 795 843 qui
819 806 852 833 et
876 801 939 844 ipsi
962 802 1126 842 iuverant,
1152 803 1309 844 quaedam
1332 803 1487 836 civitates
1511 814 1590 836 con-

178 857 298 879 cessae.
344 847 473 878 colonia
502 848 639 879 deducta
673 851 724 878 est
749 847 904 878 Bononia.
946 846 1104 878 Aemilius
1129 847 1288 888 Regillus,
1320 849 1374 890 qui
1404 848 1590 890 praefectos

178 892 334 924 Antiochi
351 892 465 924 navali
488 892 614 934 proelio
635 892 816 932 devicerat,
842 893 994 924 navalem
1019 891 1216 934 triumphum
1241 893 1342 926 duxit.
1383 892 1437 925 Μ’.
1463 894 1589 926 Acilius

178 937 314 970 Glabrio
333 938 371 970 de
389 937 562 979 Antiocho,
583 947 674 979 quem
693 937 834 969 Graecia
850 938 1034 979 expulerat,
1054 941 1088 969 et
1106 938 1144 969 de
1163 937 1292 970 Aetolis
1308 939 1532 981 triumphavit.

626 1129 697 1161 EX
726 1128 879 1161 LIBRO
904 1128 1144 1162 XXXVIII.

268 1207 310 1240 M.
331 1208 469 1240 Fulvius
489 1208 601 1240 consul
626 1209 658 1239 in
675 1208 775 1250 Epiro
801 1208 1050 1240 Ambracienses
1076 1209 1225 1241 obsessos
1250 1209 1285 1240 in
1311 1209 1509 1241 deditionem
1533 1220 1590 1241 ac-

177 1254 275 1296 cepit,
297 1253 541 1296 Cephallaniam
565 1254 705 1295 subegit,
726 1254 854 1286 Aetolis
880 1255 1069 1296 perdomitis
1093 1264 1205 1297 pacem
1233 1254 1331 1287 dedit.
1375 1254 1432 1288 Cn.
1449 1254 1591 1287 Manlius

177 1299 300 1340 consul,
320 1299 447 1341 collega
467 1300 549 1341 eius,
567 1298 802 1341 Gallograecos
822 1299 1075 1341 Tolostobogios
1095 1304 1128 1331 et
1146 1299 1346 1341 Tectosagos
1371 1305 1405 1332 et
1421 1299 1590 1344 Trocmos,

177 1345 231 1388 qui
250 1346 376 1376 Brenno
402 1346 481 1377 duce
505 1345 539 1376 in
555 1344 668 1377 Asiam
684 1345 898 1385 transierant,
925 1356 995 1377 cum
1019 1345 1082 1377 soli
1105 1345 1190 1377 citra
1209 1345 1351 1378 Taurum
1367 1350 1509 1378 montem
1528 1357 1591 1377 non

177 1394 345 1434 parerent,
364 1391 457 1422 vicit.
487 1401 597 1422 eorum
616 1391 720 1431 origo,
741 1395 775 1422 et
792 1402 852 1432 quo
869 1392 963 1422 modo
989 1401 1027 1423 ea
1052 1391 1136 1431 loca,
1157 1401 1239 1432 quae
1264 1395 1388 1432 tenent,
1409 1401 1592 1434 occupave-

176 1436 254 1476 rint,
275 1434 476 1468 referuntur.
491 1436 673 1478 exemplum
688 1446 811 1477 quoque
830 1436 964 1468 virtutis
989 1440 1023 1468 et
1035 1436 1212 1478 pudicitiae
1238 1437 1270 1467 in
1291 1436 1411 1468 femina
1434 1437 1590 1469 traditur.

177 1491 258 1523 quae
283 1491 354 1512 cum
383 1481 469 1522 regis
494 1480 784 1522 Gallograecorum
815 1492 900 1513 uxor
928 1480 1054 1523 fuisset,
1093 1486 1191 1523 capta
1221 1481 1454 1522 centurionem,
1481 1482 1535 1523 qui
1561 1482 1591 1513 ei

176 1527 245 1559 vim
264 1526 435 1569 intulerat,
456 1527 583 1558 occidit.
628 1527 766 1559 lustrum
789 1537 808 1558 a
826 1527 1013 1559 censoribus
1034 1527 1198 1558 conditum
1225 1531 1294 1558 est:
1322 1537 1420 1558 censa
1439 1531 1516 1558 sunt
1541 1528 1590 1558 ci-

176 1583 267 1614 vium
291 1583 401 1625 capita
427 1583 583 1615 CCLVIII
610 1582 731 1614 CCCX.
775 1593 846 1614 cum
878 1583 1056 1615 Ariarathe
1084 1583 1310 1625 Cappadociae
1338 1592 1415 1623 rege
1443 1582 1591 1614 amicitia

176 1629 289 1660 iuncta
308 1632 370 1661 est.
405 1628 461 1660 Cn.
483 1628 624 1660 Manlius
645 1628 944 1660 contradicentibus
963 1629 1074 1660 decem
1094 1628 1226 1669 legatis,
1246 1638 1288 1660 ex
1304 1637 1439 1670 quorum
1456 1627 1592 1659 consilio

176 1672 290 1706 foedus
311 1684 382 1705 cum
402 1674 564 1705 Antiocho
587 1674 836 1716 conscripserat,
864 1675 903 1706 de
929 1673 1155 1714 Gallograecis
1185 1678 1260 1706 acta
1288 1684 1347 1716 pro
1372 1683 1406 1705 se
1434 1683 1533 1705 causa
1560 1673 1593 1704 in

175 1723 293 1752 senatu
310 1719 537 1761 triumphavit.
566 1719 674 1761 Scipio
695 1718 868 1751 Africanus
887 1719 939 1751 die
957 1720 987 1751 ei
1005 1719 1104 1756 dicta,
1128 1723 1164 1750 ut
1182 1719 1311 1761 quidam
1334 1719 1478 1760 tradunt,
1505 1728 1525 1750 a
1551 1718 1590 1760 Q.

177 1764 311 1797 Petillio
324 1765 456 1796 tribuno
476 1765 591 1807 plebis,
611 1770 649 1797 ut
670 1765 808 1807 quidam,
827 1775 846 1796 a
863 1764 1002 1805 Naevio,
1019 1765 1103 1806 quod
1120 1765 1242 1806 praeda
1261 1775 1303 1797 ex
1316 1764 1478 1796 Antiocho
1496 1768 1594 1806 capta

178 1810 342 1842 aerarium
360 1809 557 1852 fraudasset,
571 1815 782 1853 posteaquam
795 1810 823 1842 is
843 1811 912 1842 (lies
931 1810 1032 1852 venit,
1054 1814 1213 1842 evocatus
1235 1810 1268 1842 in
1285 1814 1396 1842 rostra
1413 1811 1498 1850 „hac
1516 1809 1592 1841 die“

179 1855 295 1897 inquit,
325 1855 509 1897 ‚,Quirites,
541 1856 773 1897 Carthaginem
803 1856 904 1895 vici,“
939 1861 972 1888 et
997 1860 1214 1898 prosequente
1249 1856 1367 1898 populo
1396 1855 1592 1898 Capitolium

177 1901 333 1934 escendit.
359 1901 443 1943 inde,
459 1912 498 1933 ne
516 1902 655 1944 amplius
674 1902 860 1933 tribuniciis
878 1902 1006 1933 iniuriis
1024 1905 1216 1942 vexaretur,
1229 1902 1262 1933 in
1279 1901 1499 1933 voluntarium
1518 1900 1592 1933 exi-

177 1946 256 1978 lium
272 1949 443 1979 Liternum
462 1948 634 1979 concessit.
667 1948 837 1988 incertum,
869 1947 915 1979 ibi
940 1958 980 1979 an
1001 1947 1121 1979 Romae
1140 1946 1312 1979 defunctus
1343 1946 1403 1978 sit:
1423 1956 1498 1978 nam
1520 1956 1591 1977 mo-

181 1997 365 2024 numentum
383 1992 451 2024 eius
469 1993 643 2035 utrobique
661 1993 734 2025 fuit.
774 1993 810 2026 L.
840 1993 947 2035 Scipio
965 1992 1144 2032 Asiaticus,
1167 1991 1273 2025 frater
1291 1991 1450 2032 Africani,
1480 1992 1593 2024 eodem

180 2037 313 2069 crimine
333 2039 502 2079 peculatus
520 2043 691 2071 accusatus
709 2039 943 2081 damnatusque
960 2049 1031 2070 cum
1056 2038 1089 2069 in
1106 2037 1238 2070 vincula
1262 2043 1295 2070 et
1312 2047 1476 2070 carcerem
1493 2037 1593 2069 duce-

179 2086 281 2121 retur,
310 2083 383 2117 Tib.
401 2083 608 2126 Sempronius
638 2084 804 2116 Gracchus
843 2085 991 2116 tribunus
1025 2083 1141 2126 plebis,
1177 2084 1231 2125 qui
1264 2088 1363 2115 antea
1388 2082 1593 2125 Scipionibus

179 2127 328 2160 inimicus
354 2133 437 2169 erat,
465 2129 652 2161 intercessit
676 2135 709 2162 et
738 2130 776 2161 ob
804 2130 836 2161 id
860 2129 1049 2161 beneficium
1068 2127 1218 2160 Africani
1246 2129 1347 2161 filiam
1371 2128 1474 2160 duxit.
1522 2138 1594 2159 cum

180 2178 368 2214 quaestores
395 2174 427 2205 in
453 2174 538 2206 bona
562 2175 630 2207 eius
659 2175 786 2217 publice
804 2175 998 2217 possidenda
1025 2174 1116 2206 missi
1133 2179 1251 2215 essent,
1276 2185 1338 2206 non
1361 2174 1455 2205 modo
1482 2173 1515 2204 in
1542 2173 1593 2204 his

177 2218 278 2250 ullum
298 2219 474 2261 vestigium
493 2221 648 2262 pecuniae
666 2221 777 2262 regiae
791 2221 952 2263 apparuit⁷
976 2221 1033 2252 sed
1050 2230 1249 2262 nequaquam
1268 2224 1395 2251 tantum
1412 2219 1591 2259 redactum,

180 2268 320 2304 quantae
338 2275 480 2297 summae
505 2270 577 2297 erat
601 2267 780 2298 damnatus.
824 2267 988 2298 conlatam
1005 2276 1025 2297 a
1049 2266 1199 2307 cognatis
1229 2269 1262 2297 et
1276 2265 1388 2297 amicis
1405 2265 1593 2296 innumera-

181 2309 277 2385 gilem
306 2311 475 2352 pecuniam
500 2311 650 2353 accipere
676 2312 801 2355 noluit,
827 2322 907 2354 quae
931 2311 1118 2344 necessaria
1143 2311 1173 2343 ei
1208 2315 1303 2343 erant
1327 2311 1368 2342 ad
1392 2310 1515 2342 cultum
1539 2319 1593 2341 re-

202 2359 319 2396 empta.
