1715 2723
146 149 171 167 a.
189 140 316 166 Ch.195.
560 131 685 164 LIBER
701 131 862 165 xxxiv.
888 132 980 164 CAP.
1000 133 1052 164 25.
1073 133 1126 164 26.
1468 134 1547 173 307

146 241 270 281 cutus,
294 235 387 273 dum
406 235 502 274 vires
519 234 667 273 adicere
684 234 938 272 coniurationi
955 235 1096 281 studet,
1119 234 1310 273 incautior
1330 234 1416 273 fidei
1432 235 1548 273 aesti-

144 297 270 330 mator
296 291 381 329 fuit.
430 291 731 342 conloquentem
765 303 856 329 eum
893 303 981 329 cum
1008 291 1088 328 suis
1117 291 1264 329 satelles
1302 303 1320 328 a
1356 291 1548 342 praefecto
1579 300 1598 332 8

142 347 285 386 missus
303 360 390 386 cum
408 351 630 391 accerseret,
651 346 771 384 sensit
790 346 987 397 proditum
1004 346 1207 385 consilium
1229 360 1326 393 esse,
1348 348 1548 386 hortatus-

142 416 216 454 que
239 411 291 442 esc
311 404 551 448 coniuratos,
574 402 639 454 qui
661 403 838 446 aderant,
869 408 911 440 ut
933 403 1080 453 potius,
1115 415 1230 453 quam
1253 404 1393 442 extorti
1416 416 1546 442 more-

139 465 287 505 rentur,
317 473 422 498 arma
451 471 583 498 secum
612 463 803 509 caperent.
852 464 966 509 atque
998 459 1049 497 ita
1079 471 1167 497 cum
1196 459 1326 509 paucis
1357 460 1395 497 in
1416 460 1546 498 forum
1576 471 1595 501 9

138 516 261 567 pergit
282 516 335 555 ire
358 515 568 561 clamitans,
591 521 644 559 111,
668 515 733 566 qui
754 515 895 553 salvam
918 527 1000 553 rem
1023 514 1216 565 publicam
1239 515 1388 561 vellent,
1411 521 1545 554 aucto—

140 584 224 611 rem
246 577 282 610 et
302 572 437 610 ducem
461 584 501 610 se
521 571 707 610 libertatis
729 579 993 621 sequerentur.
1030 571 1132 609 haud
1156 582 1246 609 sane
1269 572 1389 610 movit
1407 584 1545 622 quem-
1578 580 1617 613 10

141 640 276 678 quam,
311 629 398 678 quia
424 628 518 666 nihil
544 640 711 678 usquam
739 628 821 678 spei
849 627 1106 678 propinquae,
1144 627 1289 665 nedum
1319 627 1410 666 satis
1445 628 1545 666 firmi

137 684 302 734 praesidi
318 684 538 722 cernebant.
560 684 654 722 haec
670 684 943 722 vociferantem
961 696 1051 721 eum
1069 683 1360 721 Lacedaemonii
1378 684 1545 722 circum-
1577 694 1615 726 11

137 746 295 779 ventum
313 753 401 778 cum
419 740 498 778 suis
515 740 805 779 interfecerunt.
839 739 1060 790 comprensi
1085 739 1221 778 deinde
1240 739 1396 790 quidam
1414 745 1451 777 et
1468 740 1542 778 alii.

136 796 248 835 exiis
271 796 385 835 occisi
414 797 562 847 plures,
592 796 700 847 paui-i
729 796 768 834 in
790 796 1004 835 custodiam
1029 796 1209 841 coniecti3
1239 795 1350 833 nuelli
1368 796 1544 846 proxima
1577 802 1615 834 12

134 858 248 891 nocte
268 853 426 891 funibus
449 864 518 903 per
539 865 695 891 murum
719 853 874 891 demissi
896 853 941 890 ad
963 853 1161 891 Romanos
1183 852 1448 903 perfugerant.

247 909 449 954 Quinctius
472 909 763 947 adfirmantibus
785 909 844 954 iis,
866 909 897 947 si
919 909 963 946 ad
982 914 1113 959 portas
1136 910 1324 946 exercitus
1342 908 1541 947 Romanus
1567 907 1622 946 26

133 964 284 1010 fuisset,
297 977 376 1003 non
392 965 473 1003 sine
491 966 630 1003 effectu
647 970 797 1004 motum
812 978 902 1003 eum
920 965 1096 1003 futurum
1113 965 1245 1010 fuisse,
1264 970 1314 1010 et,
1333 965 1364 1002 si
1380 965 1540 1015 propius
1571 969 1589 1001 2

133 1026 253 1059 castra
277 1021 588 1067 admoverentur,
611 1033 690 1059 non
713 1022 911 1071 quieturos
934 1021 1104 1072 Argivos,
1128 1021 1231 1059 misit
1253 1021 1450 1071 expeditos
1471 1034 1540 1072 pe-

132 1076 227 1115 dites
249 1078 486 1128 equitesque,
511 1077 576 1128 qui
597 1077 695 1116 circa
718 1078 930 1128 Cylarabim
947 1100 1003 1104 —
1018 1078 1260 1128 gymnasium
1283 1076 1319 1115 id
1337 1082 1394 1115 est
1410 1077 1540 1116 minus
1570 1084 1588 1115 3

129 1138 324 1171 trecentos
340 1146 474 1183 passus
497 1134 542 1171 ab
562 1133 655 1171 urbe
674 1156 726 1160 —-
747 1146 836 1172 cum
858 1134 1151 1183 erumpentibus
1173 1146 1193 1172 a
1216 1138 1326 1183 porta
1348 1133 1538 1172 Lacedae-

129 1189 269 1227 moniis
292 1190 481 1240 proelium
503 1190 784 1228 commiserunt
815 1194 929 1240 atque
951 1202 1018 1227 eos
1040 1190 1141 1227 haud
1166 1201 1304 1239 magno
1327 1189 1538 1228 certamine

128 1245 399 1296 compulerunt
425 1245 463 1283 in
492 1245 642 1284 urbem.
689 1250 727 1284 et
755 1251 879 1285 castra
909 1259 954 1284 eo
985 1245 1068 1296 ipso
1097 1246 1201 1289 loco,
1231 1245 1297 1283 ubi
1320 1250 1535 1296 pugnatum

128 1306 226 1347 erat,
258 1301 469 1352 imperator
494 1302 693 1340 Romanus
724 1302 866 1353 posuit.
913 1302 1015 1340 diem
1045 1302 1132 1340 inde
1162 1313 1285 1339 unum
1309 1301 1347 1339 in
1368 1301 1534 1352 speculis
1564 1307 1584 1338 4

126 1357 220 1403 fuit,
253 1358 285 1396 si
318 1358 407 1409 quid
436 1358 526 1396 novi
555 1363 686 1397 motus
714 1364 908 1404 oreretur3
938 1363 1149 1409 postquam
1181 1370 1407 1409 oppressam
1428 1362 1537 1396 metu

126 1414 317 1452 civitatem
337 1414 440 1460 vidit,
459 1415 617 1453 advocat
633 1415 836 1453 consilium
854 1415 899 1453 de
917 1414 1183 1465 oppugnandis
1201 1414 1323 1464 Argis.
1357 1415 1534 1453 omnium
1564 1422 1583 1452 5

124 1470 342 1522 principum
372 1470 549 1510 Graeciae
586 1477 737 1522 praeter
765 1471 1009 1509 Aristaenum
1046 1470 1178 1510 eadem
1215 1471 1406 1509 sententia
1442 1476 1533 1516 erat,

125 1538 214 1565 cum
228 1539 339 1566 causa
356 1527 445 1565 belli
461 1539 539 1566 non
556 1528 625 1566 alia
643 1533 758 1574 esset,
771 1528 858 1566 inde
874 1527 1121 1578 potissimum
1135 1527 1362 1565 ordiendum
1375 1527 1533 1566 bellum.

124 1651 203 1684 αἰιηι
237 1672 258 1675 —
287 1653 399 1684 studet
428 1654 568 1684 vertritt
596 1654 654 1684 das
680 1655 792 1695 primo

125 1698 384 1739 entspreehende
402 1698 530 1729 deinde.
547 1718 586 1720 —
604 1698 792 1740 fideiaest„

123 1743 176 1774 bei
201 1744 259 1774 der
279 1742 531 1784 Abschiitzung,
556 1743 793 1784 Beurtheilung

124 1789 238 1827 derer,
271 1789 396 1819 welche
420 1798 457 1820 er
480 1789 540 1819 mit
565 1788 687 1819 seinem
711 1788 790 1819 Plan

122 1833 266 1864 bekannt
294 1834 432 1865 machte.
464 1851 507 1856 —
536 1836 587 1864 est
614 1833 657 1865 ist
682 1834 791 1865 wahr-

122 1878 303 1909 scheiulich
321 1877 534 1919 ausgefallen,
553 1878 635 1909 (loch
654 1879 720 1918 vgl.
737 1879 789 1914 31,

123 1923 176 1962 25,
195 1924 232 1961 43
252 1924 293 1954 ih.
314 1923 367 1961 21,
386 1925 423 1956 6:
449 1924 644 1955 sehwerlich
669 1923 721 1954 bei
739 1927 791 1954 at-

123 1978 185 2009 que
205 1970 253 1999 ita
276 1969 327 1999 ein
345 1969 533 2000 Anacoluth
556 1969 790 2008 anzunehmen,

123 2013 191 2053 vgl.
211 2013 264 2051 42,
289 2014 319 2051 9,
345 2014 380 2052 23
412 2023 446 2044 es
471 2014 556 2044 wird
575 2013 658 2044 auch
674 2014 790 2045 horta-

124 2060 246 2098 turque
271 2059 471 2089 vermuthet.
505 2076 548 2081 —
580 2060 695 2101 potius
724 2069 789 2100 qa„

124 2112 150 2133 s.
171 2103 201 2141 2,
229 2103 277 2138 15,
304 2103 340 2139 23
366 2105 394 2140 5,
415 2103 466 2144 46,
488 2102 506 2133 6
525 2114 554 2134 u.
575 2113 617 2143 11,,
640 2103 791 2144 hiiufiger

122 2151 288 2187 getrenut.
307 2166 350 2169 —
369 2150 508 2185 efforts,
528 2149 579 2188 32,
598 2148 650 2187 38,
668 2148 697 2179 8.

172 2192 290 2223 10-12.
319 2195 394 2235 spei
405 2203 472 2235 pr„
489 2197 603 2231 etwas,
617 2203 685 2224 was
700 2193 790 2225 Hoff-

123 2248 211 2277 nung
242 2237 335 2268 hatte
368 2237 540 2269 erweeken
575 2238 711 2269 konnen.
746 2257 789 2261 ——

119 2282 282 2324 praesid.,
300 2283 365 2314 wol
384 2283 565 2324 iiberhaupt
573 2282 788 2325 Hiilfsmittel,

122 2326 181 2358 auf
207 2327 258 2358 die
284 2338 357 2359 man
382 2328 451 2359 sich
473 2329 644 2359 verlassen
671 2328 788 2360 k'onne.

122 2391 162 2394 —
180 2373 261 2404 haee
278 2373 354 2413 geht
373 2372 464 2414 auf§
480 2373 498 2404 9
516 2373 651 2411 zuriick,
670 2384 788 2405 wovon

122 2427 157 2448 es
174 2417 249 2449 hart
267 2417 370 2449 durch
388 2417 408 2459 ξ
426 2418 464 2448 10
483 2423 638 2457 getrennt
653 2419 706 2460 ist,
721 2419 787 2460 vgl.

120 2460 141 2502 ξ
159 2462 188 2493 2.
208 2481 249 2485 -
267 2461 398 2504 Laced,
418 2462 468 2503 32,
487 2464 541 2501 40,
561 2464 589 2495 2.

167 2501 238 2538 26.
274 2507 359 2539 2-4.
403 2507 570 2549 Cylarab..
605 2509 671 2548 vgl.
701 2507 788 2540 Plut.

122 2549 241 2595 Pyrrh.
263 2552 316 2592 32,
341 2552 376 2592 33
405 2552 503 2585 Paus.
526 2553 557 2594 2,
587 2553 639 2595 22,
666 2553 721 2584 1οε
751 2552 790 2586 ἐν

866 1654 914 1695 τῷ
938 1655 1130 1695 γυμνασίῳ
1156 1654 1205 1694 τῷ
1223 1650 1455 1697 Κυλαράβου,
1475 1653 1534 1684 der

866 1698 954 1729 Sohn
969 1698 1025 1729 des
1041 1697 1216 1729 Sthenelus
1231 1697 1414 1739 Cylarabes
1432 1698 1532 1729 sollte

865 1743 942 1775 dort
965 1744 1128 1784 begraben
1146 1743 1229 1781 sein,
1254 1743 1349 1774 Paus.
1371 1744 1400 1783 2,
1425 1743 1473 1779 18,
1492 1744 1531 1780 43

865 1798 900 1819 es
931 1789 984 1829 lag
1009 1799 1068 1819 vor
1092 1789 1163 1819 (16111
1189 1788 1270 1819 nach
1294 1787 1438 1831 Tirynth
1456 1786 1532 1819 fiih-

865 1834 985 1865 renden
1005 1833 1114 1865 Thore
1129 1833 1330 1874 Diamperes.
1344 1851 1389 1855 —
1401 1843 1532 1875 erump.

863 1889 893 1909 (ι.
910 1889 955 1921 μ,
973 1879 1093 1910 ebenso
1113 1889 1141 1909 c.
1159 1878 1210 1917 28,
1229 1880 1258 1919 9,
1277 1878 1343 1919 vgl.
1359 1878 1412 1915 43,
1429 1877 1481 1917 23,
1496 1879 1533 1909 4:

864 1935 928 1954 von
947 1943 967 1946 —
983 1924 1052 1961 her,
1071 1928 1165 1955 sonst
1182 1934 1227 1955 ex
1247 1923 1326 1954 oder
1344 1923 1403 1954 der
1419 1922 1533 1954 blosse

862 1968 985 2005 Ablat.,
1003 1980 1030 2000 s.
1049 1968 1103 2009 35,
1125 1969 1174 2007 11,
1194 1970 1228 2005 43
1253 1979 1292 1999 ec!
1307 1971 1408 2010 porta
1426 1979 1467 1999 zu
1484 1968 1534 1998 le-

863 2024 920 2045 sen
938 2014 1104 2045 verbietet
1121 2013 1179 2045 der
1198 2013 1365 2053 Umstand,
1384 2014 1460 2044 dass
1480 2013 1531 2043 ein

863 2059 1065 2090 bestinnntes
1089 2058 1181 2090 Thor
1210 2059 1334 2089 vorher
1363 2058 1453 2088 nicht
1475 2068 1532 2098 ge-

864 2109 963 2135 nannt
980 2105 1035 2136 ist.
1055 2122 1097 2127 —
1117 2106 1148 2135 in
1166 2114 1268 2146 spec,
1287 2103 1354 2134 Cic.
1374 2102 1460 2134 Mur.
1477 2103 1530 2141 37,

863 2150 920 2180 79:
941 2151 973 2180 ιή
991 2149 1136 2192 speculis
1153 2151 1253 2190 alque
1272 2150 1303 2179 ῖη
1326 2147 1460 2179 insidiis
1478 2158 1531 2179 rc·-

862 2194 942 2225 licii.

909 2240 984 2270 5-7.
1020 2238 1170 2270 ordienti.
1190 2238 1320 2278 bellum,
1339 2247 1363 2268 5.
1383 2248 1407 2268 c.
1427 2237 1480 2277 33,
1499 2236 1530 2274 6,

861 2284 905 2315 ist
923 2284 1089 2323 unsicher,
1108 2285 1146 2315 da
1170 2283 1221 2314 die
1239 2282 1357 2314 Mainz.
1379 2281 1456 2313 Hds.
1476 2291 1532 2313 ον-

860 2328 980 2360 ιίιίιηαίῗ
1002 2329 1120 2360 bellum
1147 2330 1218 2367 hat,
1242 2327 1294 2358 die
1317 2327 1456 2366 iibrigen
1476 2336 1531 2358 or-

860 2374 976 2405 diendi
1003 2374 1087 2413 belli,
1118 2384 1187 2404 was
1217 2377 1303 2403 etwa
1328 2372 1377 2403 als
1401 2371 1531 2413 Epex'e-

860 2429 938 2459 gese
956 2430 996 2450 zu
1014 2420 1084 2450 dem
1105 2419 1135 2449 in
1156 2418 1269 2450 eadem
1289 2417 1530 2458 angedeuteten

861 2464 1013 2505 Begriffe,
1043 2464 1110 2503 vgl.
1133 2464 1186 2497 44,
1217 2463 1247 2500 9,
1275 2463 1312 2497 4;
1337 2462 1389 2499 26,
1418 2462 1467 2503 19,
1493 2461 1529 2498 ὃς

861 2508 971 2550 Quint.
995 2509 1043 2549 12,
1071 2509 1100 2549 9,
1119 2509 1154 2540 7;
1180 2507 1233 2538 illo
1250 2506 1395 2549 fastidio
1419 2526 1440 2529 —
1463 2517 1528 2537 non

860 2554 988 2596 agendi
1003 2564 1141 2593 causas;
1160 2553 1237 2585 Tac.
1253 2552 1338 2584 Anu.
1355 2552 1384 2591 2,
1398 2552 1457 2583 47:
1476 2562 1530 2583 so-

1193 2607 1262 2641 20*
