1715 2723
526 106 651 139 LIBER
667 106 827 140 XXXIV.
856 105 946 138 CAP.
965 106 1018 138 35.
1039 105 1090 137 36.
1435 106 1517 145 325

113 126 138 142 a.
155 117 208 143 Ch.
225 117 283 142 195.

111 210 341 256 voluissent,
369 209 484 248 invita
510 221 559 248 ne
587 222 661 260 qua
688 208 808 246 exulis
837 219 968 245 comes
1005 212 1127 254 esset,
1163 207 1517 245 mercennariorum

112 267 281 306 militum
303 265 471 311 Nabidis,
490 266 555 317 qui
575 271 641 304 aut
662 265 701 302 in
719 264 887 302 civitates
909 276 996 301 suas
1019 268 1084 301 aut
1104 263 1150 301 ad
1170 263 1368 302 Romanos
1388 267 1519 302 trans—

111 323 251 368 issent,
275 322 322 360 iis
343 334 406 360 res
427 334 518 360 suae
540 333 676 360 omnes
697 325 798 358 recte
820 319 1092 364 redderentur,
1121 319 1159 356 in
1190 320 1299 357 Creta
1321 319 1444 357 insula
1470 331 1519 356 ne

114 391 229 430 quam
246 378 383 417 urbem
400 378 576 424 haberet,
594 389 687 427 quas
703 375 913 421 habuisset,
927 375 1319 421 redderetRomanis3
1338 387 1385 413 ne
1403 387 1518 425 quam

112 435 338 474 societatem
367 446 456 473 cum
492 433 570 471 ullo
599 431 838 471 Cretensium
867 436 933 470 aut
961 442 1158 481 quoquam
1186 431 1258 468 alio
1286 431 1519 477 institueret,

112 502 190 530 neu
210 491 355 529 bellum
376 494 542 541 gereret,
564 488 780 526 civitatibus
803 487 984 525 omnihus
997 518 1005 531 ,
1028 498 1200 537 quasque
1223 486 1283 535 [et]
1304 487 1384 536 ipse
1405 486 1519 525 resti-

113 548 273 593 tuisset,
298 558 473 597 quaeque
494 557 534 583 se
556 557 702 595 suaque
724 544 764 581 in
785 543 901 582 fidem
923 556 967 582 ac
988 542 1177 580 dicionem
1200 542 1331 593 populi
1354 542 1519 580 Romani

113 603 381 648 tradidissent,
404 601 533 640 omnia
553 599 742 651 praesidia
764 600 990 644 deduceret,
1019 611 1138 649 seque
1168 598 1248 648 ipse
1275 610 1444 648 suosque
1474 598 1520 636 ab

114 659 161 697 iis
182 658 413 703 abstineret3
434 669 482 695 ne
504 657 607 708 quod
630 656 817 707 oppidum
839 668 915 694 neu
933 654 1034 705 quod
1058 654 1258 693 castellum
1281 654 1318 691 in
1341 666 1411 692 suo
1429 653 1520 691 alie-

112 726 212 753 nove
233 726 322 764 agro
345 713 548 760 conderet,
569 712 741 758 obsides,
772 724 814 750 ea
834 712 884 750 ita
905 711 1054 757 futura,
1073 711 1180 749 daret
1201 710 1371 761 quinque
1385 740 1393 755 ,
1423 722 1521 760 quos

113 770 336 821 imperatori
357 770 533 807 Romano
554 769 777 819 placuisset,
807 773 846 806 et
872 768 992 805 filium
1027 767 1066 805 in
1086 767 1130 805 iis
1151 779 1288 810 suum,
1319 771 1355 804 et
1381 766 1524 804 talenta

116 832 273 865 centum
295 826 440 876 argenti
461 826 500 863 in
528 824 721 875 praesenti
744 829 782 862 et
810 823 1086 874 quinquaginta
1114 823 1258 861 talenta
1285 822 1325 860 in
1352 822 1522 873 singulos

117 894 237 921 annos
258 894 328 933 per
349 893 470 919 annos
492 888 592 919 octo.

1552 492 1591 523 10

1552 659 1588 690 11

228 938 330 976 Haec
358 937 574 988 conscripta
603 936 736 975 castris
764 936 924 986 propius
954 934 1090 973 urbem
1118 934 1236 972 motis
1265 933 1523 972 Lacedaemo-
1549 932 1603 971 36

115 1005 206 1032 nem
224 994 446 1032 mittuntur.
474 1005 546 1031 nec
561 1004 651 1031 sane
669 992 876 1043 quicquam
894 990 1139 1029 eorum'satis
1158 990 1331 1041 placebat
1347 995 1523 1041 tyranno,
1564 1031 1568 1034 ,

114 1050 190 1088 nisi
211 1050 315 1100 quod
337 1054 490 1099 praeter
508 1061 617 1099 spem
640 1048 951 1087 reducendorum
969 1048 1126 1085 exulum
1145 1047 1289 1084 mentio
1307 1046 1410 1084 nulla
1427 1045 1525 1083 facta

116 1111 220 1151 erat,
243 1106 409 1143 maxime
431 1110 561 1143 autem
582 1104 758 1142 omnium
781 1117 823 1142 ea
844 1116 904 1142 res
927 1103 1156 1148 offendebat,
1181 1102 1283 1152 quod
1305 1108 1342 1140 et
1358 1114 1472 1140 naves
1490 1108 1527 1139 et

116 1161 331 1199 maritimae
352 1160 523 1199 civitates
544 1160 746 1210 ademptae
763 1165 885 1198 erant.
907 1160 1034 1197 fuerat
1055 1164 1183 1197 autem
1206 1158 1241 1196 ei
1261 1170 1401 1207 magno
1423 1158 1528 1195 fruc-

115 1217 172 1256 tui
194 1229 300 1256 mare
313 1247 322 1263 ,
346 1228 504 1254 omnem
523 1228 629 1255 oram
652 1216 794 1255 Maleae
810 1215 1063 1267 praedatoriis
1086 1214 1246 1252 navibus
1262 1214 1442 1252 infestam
1459 1213 1529 1251 ha-

117 1350 393 1387 vorzukommen,
425 1348 572 1391 Gotting.
604 1347 677 1380 Gel.
702 1349 784 1381 Anz.

121 1396 219 1435 1865,
237 1395 269 1426 S.
289 1395 370 1434 471,
391 1393 486 1425 Huhn
505 1395 535 1436 2,
553 1394 612 1433 493
636 1394 717 1426 iiber
734 1394 787 1425 die

856 1359 983 1392 praes„
997 1348 1095 1389 jetzt,
1109 1347 1257 1388 sogleich
1270 1347 1360 1389 baar,
1375 1348 1531 1388 gewb'hn-

860 1394 927 1425 lich
945 1398 1018 1434 sagt
1036 1392 1072 1423 L.
1092 1394 1123 1424 ιή
1140 1394 1348 1436 praesentia,
1365 1403 1390 1424 s.
1406 1393 1459 1431 31,
1476 1393 1528 1432 22,

119 1440 251 1472 Frauen
270 1439 339 1471 Pol.
362 1441 419 1480 16,
441 1440 490 1471 13.
510 1458 553 1462 --
575 1438 690 1478 Creta,
710 1450 736 1470 s.
756 1439 786 1470 (1.

118 1484 222 1517 Stelle
245 1495 303 1516 aus
327 1484 398 1515 Pol.
423 1496 463 1515 zu
486 1495 512 1515 c.
536 1484 595 1523 32,
617 1485 674 1522 193
705 1484 787 1515 nach

118 1541 149 1560 u.
176 1529 223 1561 St.
249 1530 306 1560 hat
328 1529 431 1560 Nabis
453 1528 513 1560 auf
532 1529 592 1560 der
613 1528 698 1560 Insel
724 1529 787 1559 Er-

120 1574 309 1614 oberungen
328 1575 487 1615 gemacht.
507 1592 548 1595 —
567 1573 632 1604 ullo
645 1592 667 1595 -
680 1584 787 1614 quoq„

118 1619 187 1660 vgl.
212 1620 270 1658 41,
295 1619 332 1658 6,
360 1619 408 1649 11.
439 1637 483 1641 —
510 1628 575 1649 nea
607 1618 678 1649 bell.
699 1628 787 1659 ger„

120 1664 204 1695 auch
221 1664 302 1695 dazu
322 1664 366 1694 ist
391 1674 464 1694 cum
483 1673 646 1704 quoquam
665 1667 727 1693 etc.
747 1673 788 1693 zu

119 1709 272 1747 nehmen,
296 1709 360 1739 und
378 1709 435 1739 das
454 1708 582 1740 Verbot
599 1707 786 1748 allgemein.

118 1772 160 1777 ——
190 1764 304 1795 quasq.
328 1772 350 1775 —
372 1764 506 1794 quaeq..
531 1752 588 1792 22,
607 1753 666 1791 26,
685 1754 715 1783 5.
748 1771 787 1774 —

119 1800 344 1837 restituisset,
369 1797 587 1836 conditional,
613 1798 694 1828 nach
715 1797 786 1828 dem

118 1842 275 1880 Frieden;
303 1843 422 1873 andei-s
441 1841 672 1874 tradidissent.
692 1860 735 1864 —
754 1843 785 1872 ιή

117 1888 174 1930 fid.
192 1898 231 1919 ac
248 1887 323 1927 dic„
338 1887 601 1928 Umschreibung
619 1887 678 1917 der
695 1886 787 1917 dedi-

118 1935 183 1971 tio,
201 1944 227 1964 s.
247 1933 305 1971 38,
325 1933 377 1971 31,
396 1933 432 1971 6,
456 1933 516 1971 40,
534 1932 667 1970 35,13;
693 1931 787 1962 Caes.

117 1977 153 2008 B.
173 1976 212 2008 G.
234 1978 268 2015 2,
287 1978 321 2008 3:
347 1979 379 2007 in
396 1976 495 2018 fidem
520 1979 619 2017 atque
636 1979 788 2018 potesta·

119 2024 185 2053 tem
212 2023 428 2064 permittor&
459 2020 495 2051 L.
522 2021 579 2057 38,
607 2021 665 2062 31,
689 2021 722 2052 2:
753 2022 785 2051 in

111 2066 221 2109 fidem.
250 2066 454 2106 tutelamque
479 2077 514 2096 se
537 2065 690 2107 tradere,
718 2066 784 2106 vgl.

120 2112 173 2151 39,
191 2112 246 2149 54,
266 2112 300 2141 7;
320 2110 452 2141 dedisse
470 2121 504 2141 se
519 2112 617 2153 prins
634 2112 666 2141 in
685 2110 784 2152 fidem

119 2167 219 2198 quam
237 2157 268 2186 in
285 2158 490 2198 potestatem
509 2155 627 2197 populi
641 2155 699 2193 B.;
722 2156 785 2186 und

120 2211 156 2232 so
174 2200 377 2241 gewo'hnlicb
404 2211 466 2231 nur
484 2202 515 2230 1'12
533 2200 634 2242 fidem
658 2201 736 2231 oder
754 2202 785 2231 in

114 2248 337 2289 potestateve,
356 2245 423 2286 vgl.
443 2256 482 2276 zu
501 2245 560 2285 33,
581 2245 631 2283 17,
652 2245 707 2283 15,
734 2245 786 2282 32,

119 2290 173 2328 33,
192 2292 228 2329 8,
247 2291 299 2331 36,
319 2290 371 2328 28,
390 2292 425 2320 -1;
445 2290 487 2320 ib.
509 2290 561 2331 27,
580 2289 609 2320 8.
628 2308 671 2312 —
687 2290 788 2320 abiis

118 2336 202 2375 aba,
216 2340 310 2366 sonst
328 2339 401 2375 sagt
415 2334 452 2366 L.
472 2346 506 2365 se
520 2335 689 2366 abstinere
705 2335 787 2365 ohne

118 2390 156 2420 a,
175 2391 201 2411 s.
220 2391 247 2411 c.
267 2381 304 2418 3,
324 2380 360 2419 6,
391 2379 426 2419 8,
446 2380 481 2417 2,
502 2380 517 2408 7
544 2391 574 2410 u.
593 2389 638 2419 a.,
662 2379 727 2420 vgl.
748 2390 788 2410 zu

120 2424 173 2464 32,
193 2425 246 2464 34,
265 2426 294 2455 5.
314 2443 356 2447 -
376 2435 413 2455 ea
432 2426 479 2455 ita
496 2424 537 2465 fl,
555 2424 632 2455 weil
650 2424 683 2454 in
701 2425 787 2455 obsi-

119 2468 178 2500 des
200 2468 281 2500 dare
307 2470 365 2500 der
389 2469 515 2509 Begriff
534 2469 593 2500 der
610 2469 787 2501 versiche-

122 2524 206 2555 rung
222 2514 314 2555 liegt.
331 2531 374 2537 —
391 2514 454 2556 fib,
473 2524 498 2545 s.
514 2524 540 2544 c.
560 2514 620 2553 52,
639 2513 669 2544 9.
688 2531 731 2536 —
754 2515 787 2544 in

861 1438 897 1477 8,
916 1439 974 1479 33,
993 1439 1052 1477 27,
1074 1438 1131 1471 1ος
1156 1438 1197 1468 ib.
1217 1438 1274 1479 28,
1300 1438 1318 1468 6
1337 1448 1368 1468 u.
1388 1447 1436 1477 a.,
1462 1437 1528 1478 vgl.

860 1483 914 1520 33,
930 1484 982 1522 30,
997 1483 1033 1517 8,
1055 1481 1190 1523 Madvig
1204 1492 1306 1513 verm.
1321 1484 1529 1525 praesentia.

907 1521 1060 1559 315-40
1076 1548 1088 1567 ,
1121 1523 1161 1558 4.
1218 1527 1437 1567 Erneuerung
1472 1528 1529 1558 des

858 1571 1021 1613 Rrieges3
1049 1572 1192 1603 Frieden
1209 1572 1267 1603 mit
1284 1571 1398 1603 Nabis.

908 1617 994 1648 1-3.
1026 1627 1086 1647 nec
1109 1628 1191 1647 sane
1215 1617 1387 1648 concessiv
1412 1616 1445 1647 in
1469 1616 1530 1646 Be-

859 1673 922 1702 zug
945 1660 1004 1693 auf
1022 1664 1173 1692 mamone
1195 1664 1326 1701 autem,
1351 1672 1377 1693 s.
1397 1661 1456 1701 21,
1476 1660 1530 1700 32,

862 1707 914 1738 10.
932 1725 975 1729 -—
999 1705 1177 1738 reducenti.
1195 1717 1250 1737 em,
1262 1730 1270 1746 ,
1295 1707 1348 1737 die
1368 1710 1461 1737 sonst
1478 1705 1530 1736 bei

861 1752 994 1782 solchen
1025 1750 1283 1792 Gelegenheiten
1308 1751 1434 1782 wieder
1460 1751 1530 1781 ein-

859 1801 990 1837 gesetzt
1017 1797 1169 1833 werden,
1200 1806 1225 1827 s.
1252 1806 1278 1826 c.
1305 1796 1363 1835 35,
1387 1797 1426 1834 Ἴ,
1456 1795 1529 1826 eine

859 1852 976 1882 grosse
994 1840 1175 1872 Nachsicht
1198 1850 1300 1881 gegen
1318 1841 1379 1872 den
1399 1840 1531 1883 Tyran-

861 1896 938 1923 nen,
962 1896 986 1917 s.
1008 1885 1133 1916 Schorn
1158 1885 1190 1916 S.
1210 1885 1284 1917 266.
1310 1904 1353 1908 -
1378 1895 1418 1916 ea
1439 1895 1493 1916 res
1509 1903 1531 1907 -

859 1930 961 1972 quod,
991 1930 1058 1962 Cic.
1082 1930 1171 1962 Fam.
1201 1931 1234 1969 1,
1261 1930 1298 1971 8,
1325 1930 1359 1961 3:
1383 1929 1452 1961 ulla
1474 1940 1531 1961 res

860 1975 963 2017 qnod3
994 1976 1048 2014 10,
1069 1976 1099 2015 7,
1122 1977 1132 2005 l
1154 1986 1185 2006 u.
1206 1985 1234 2006 a.
1260 1994 1301 1997 —
1326 1986 1419 2007 oram
1439 1973 1530 2012 Mat„

860 2020 912 2052 die
930 2021 1011 2052 auch
1030 2025 1122 2051 sonst
1144 2020 1247 2051 durch
1266 2019 1453 2052 Seer'ziuber
1470 2030 1530 2050 un-

859 2066 988 2097 sichere
1006 2063 1112 2096 Riiste
1130 2075 1195 2095 von
1216 2065 1340 2104 Malea,
1367 2075 1393 2095 s.
1412 2064 1528 2106 Polyb.

860 2112 898 2150 5,
918 2112 976 2149 95,
1005 2111 1083 2147 101,
1110 2110 1193 2140 doch
1216 2110 1260 2141 ist
1285 2120 1324 2141 an
1349 2120 1379 2140 u.
1401 2108 1467 2150 St,‚
1490 2109 1531 2140 da

857 2156 999 2186 navibus
1015 2154 1098 2195 folgt
1123 2155 1187 2185 und
1204 2165 1299 2185 mare
1316 2154 1531 2194 vorhergeht,

858 2201 918 2231 mit
950 2210 1010 2232 ora
1043 2201 1100 2231 das
1130 2198 1223 2230 Μερι-
1256 2209 1295 2230 an
1325 2200 1384 2230 der
1413 2196 1532 2237 Hiiste,

858 2245 948 2276 nicht
972 2246 1061 2276 diese
1079 2244 1200 2285 selbst,
1225 2244 1434 2281 bezeichnet,
1459 2243 1527 2282 vgl.

859 2301 884 2321 c.
906 2291 965 2329 50,
987 2291 1043 2327 11;
1070 2290 1122 2330 35,
1140 2290 1198 2329 44,
1217 2290 1255 2326 5,
1275 2289 1328 2325 36,
1348 2288 1377 2326 2,
1400 2288 1456 2326 113
1475 2288 1529 2326 37,

862 2335 911 2373 14,
932 2335 949 2365 3
968 2346 998 2366 u.
1016 2345 1064 2371 a.;
1082 2335 1227 2374 dagegen
1246 2344 1272 2364 c..
1289 2334 1342 2371 32,
1364 2332 1416 2363 18;
1433 2342 1529 2364 mare

857 2381 948 2411 circa
972 2379 1135 2410 Maleam:
1163 2379 1198 2418 7,
1223 2379 1281 2416 25,
1301 2380 1335 2408 4:
1359 2387 1455 2408 mare
1479 2379 1530 2408 ἰη-

858 2425 988 2466 festina
1023 2424 1187 2455 classibus
1220 2422 1422 2454 Graecorum
1453 2425 1529 2453 erat

859 2479 983 2510 oraque
1000 2469 1109 2500 litoris
1127 2470 1297 2499 Antiatis:
1323 2467 1375 2500 38.
1400 2466 1450 2505 18,
1473 2466 1530 2497 12:

858 2514 1002 2546 alterius
1019 2524 1098 2545 orae
1115 2513 1233 2552 Ιῖΐονα,
1251 2511 1527 2543 wahrscheinlich

1556 1050 1574 1081 2

1558 1162 1576 1193 3
