<?xml version="1.0" encoding="UTF-8"?>
<!DOCTYPE html PUBLIC "-//W3C//DTD XHTML 1.0 Transitional//EN"
    "http://www.w3.org/TR/xhtml1/DTD/xhtml1-transitional.dtd">
<html xmlns="http://www.w3.org/1999/xhtml" xml:lang="en" lang="en">
 <head>
  <title>
</title>
<meta http-equiv="Content-Type" content="text/html;charset=utf-8" />
  <meta name='ocr-system' content='tesseract 3.04.00' />
  <meta name='ocr-capabilities' content='ocr_page ocr_carea ocr_par ocr_line ocrx_word'/>
</head>
<body>
  <div class='ocr_page' id='page_1' title='image "./aburbeconditalib0708livyuoft_0419.png"; bbox 0 0 1715 2723; ppageno 0'>
   <div class='ocr_carea' id='block_1_1' title="bbox 0 0 38 962">
    <p class='ocr_par' dir='ltr' id='par_1_1' title="bbox 0 0 38 962">
     <span class='ocr_line' id='line_1_1' title="bbox 0 0 38 962; baseline 0 0"><span class='ocrx_word' id='word_1_1' title='bbox 0 0 38 962; x_wconf 95' lang='lat' dir='ltr'> </span> 
     </span>
    </p>
   </div>
   <div class='ocr_carea' id='block_1_2' title="bbox 147 50 323 78">
    <p class='ocr_par' dir='ltr' id='par_1_2' title="bbox 147 50 323 78">
     <span class='ocr_line' id='line_1_2' title="bbox 147 50 323 78; baseline -0.006 -1"><span class='ocrx_word' id='word_1_2' title='bbox 147 59 173 78; x_wconf 78' lang='lat' dir='ltr'>a.</span> <span class='ocrx_word' id='word_1_3' title='bbox 193 51 242 78; x_wconf 85' lang='lat' dir='ltr'>ch.</span> <span class='ocrx_word' id='word_1_4' title='bbox 264 50 323 77; x_wconf 84' lang='grc'><strong>192.</strong></span> 
     </span>
    </p>
   </div>
   <div class='ocr_carea' id='block_1_3' title="bbox 150 154 1030 206">
    <p class='ocr_par' dir='ltr' id='par_1_3' title="bbox 150 154 1030 206">
     <span class='ocr_line' id='line_1_3' title="bbox 150 154 1030 206; baseline -0.001 -12"><span class='ocrx_word' id='word_1_5' title='bbox 150 155 263 194; x_wconf 84' lang='lat' dir='ltr'>sessis</span> <span class='ocrx_word' id='word_1_6' title='bbox 287 154 535 205; x_wconf 77' lang='lat' dir='ltr'>praesidium,</span> <span class='ocrx_word' id='word_1_7' title='bbox 556 167 670 206; x_wconf 84' lang='lat' dir='ltr'>agros</span> <span class='ocrx_word' id='word_1_8' title='bbox 693 166 831 193; x_wconf 88' lang='lat' dir='ltr'>eorum</span> <span class='ocrx_word' id='word_1_9' title='bbox 851 154 1030 193; x_wconf 81' lang='lat' dir='ltr'>vastabat.</span> 
     </span>
    </p>
   </div>
   <div class='ocr_carea' id='block_1_4' title="bbox 597 51 894 85">
    <p class='ocr_par' dir='ltr' id='par_1_4' title="bbox 597 51 894 85">
     <span class='ocr_line' id='line_1_4' title="bbox 597 51 894 85; baseline 0.007 -2"><span class='ocrx_word' id='word_1_10' title='bbox 597 51 722 85; x_wconf 90' lang='lat' dir='ltr'>LIBER</span> <span class='ocrx_word' id='word_1_11' title='bbox 746 52 894 85; x_wconf 89' lang='lat' dir='ltr'>XXXV.</span> 
     </span>
    </p>
   </div>
   <div class='ocr_carea' id='block_1_5' title="bbox 929 51 1568 92">
    <p class='ocr_par' dir='ltr' id='par_1_5' title="bbox 929 51 1568 92">
     <span class='ocr_line' id='line_1_5' title="bbox 929 51 1568 92; baseline 0.002 -9"><span class='ocrx_word' id='word_1_12' title='bbox 929 51 1020 84; x_wconf 86' lang='lat' dir='ltr'>CAP.</span> <span class='ocrx_word' id='word_1_13' title='bbox 1055 54 1108 85; x_wconf 85' lang='lat'>25.</span> <span class='ocrx_word' id='word_1_14' title='bbox 1513 51 1568 92; x_wconf 76' lang='lat'>39</span> 
     </span>
    </p>
   </div>
   <div class='ocr_carea' id='block_1_6' title="bbox 1084 153 1605 193">
    <p class='ocr_par' dir='ltr' id='par_1_6' title="bbox 1084 153 1605 193">
     <span class='ocr_line' id='line_1_6' title="bbox 1084 153 1605 193; baseline -0.002 -1"><span class='ocrx_word' id='word_1_15' title='bbox 1084 154 1226 193; x_wconf 79' lang='lat' dir='ltr'>Achaei</span> <span class='ocrx_word' id='word_1_16' title='bbox 1251 165 1332 192; x_wconf 91' lang='lat' dir='ltr'>non</span> <span class='ocrx_word' id='word_1_17' title='bbox 1353 159 1463 192; x_wconf 87' lang='lat' dir='ltr'>antea</span> <span class='ocrx_word' id='word_1_18' title='bbox 1484 153 1565 192; x_wconf 85' lang='lat' dir='ltr'>ausi</span> <span class='ocrx_word' id='word_1_19' title='bbox 1585 153 1605 185; x_wconf 85' lang='lat'>3</span> 
     </span>
    </p>
   </div>
   <div class='ocr_carea' id='block_1_7' title="bbox 142 210 1605 1161">
    <p class='ocr_par' dir='ltr' id='par_1_7' title="bbox 142 210 1605 1161">
     <span class='ocr_line' id='line_1_7' title="bbox 151 210 1605 262; baseline -0.001 -12"><span class='ocrx_word' id='word_1_20' title='bbox 151 223 350 261; x_wconf 77' lang='lat' dir='ltr'>capessere</span> <span class='ocrx_word' id='word_1_21' title='bbox 372 210 529 258; x_wconf 89' lang='lat' dir='ltr'>bellum,</span> <span class='ocrx_word' id='word_1_22' title='bbox 554 223 671 262; x_wconf 88' lang='lat' dir='ltr'>quam</span> <span class='ocrx_word' id='word_1_23' title='bbox 693 211 739 249; x_wconf 89' lang='lat' dir='ltr'>ab</span> <span class='ocrx_word' id='word_1_24' title='bbox 754 211 878 250; x_wconf 88' lang='lat' dir='ltr'>Roma</span> <span class='ocrx_word' id='word_1_25' title='bbox 899 210 1149 249; x_wconf 85' lang='lat' dir='ltr'>revertissent</span> <span class='ocrx_word' id='word_1_26' title='bbox 1168 211 1291 261; x_wconf 82' lang='lat' dir='ltr'>legati,</span> <span class='ocrx_word' id='word_1_27' title='bbox 1314 215 1367 256; x_wconf 88' lang='lat' dir='ltr'>ut,</span> <span class='ocrx_word' id='word_1_28' title='bbox 1391 210 1483 261; x_wconf 85' lang='lat' dir='ltr'>quid</span> <span class='ocrx_word' id='word_1_29' title='bbox 1501 222 1563 248; x_wconf 90' lang='lat' dir='ltr'>se-</span> <span class='ocrx_word' id='word_1_30' title='bbox 1584 212 1605 243; x_wconf 71' lang='lat'>4</span> 
     </span>
     <span class='ocr_line' id='line_1_8' title="bbox 147 266 1564 318; baseline -0.002 -12"><span class='ocrx_word' id='word_1_31' title='bbox 147 267 253 306; x_wconf 90' lang='lat' dir='ltr'>natui</span> <span class='ocrx_word' id='word_1_32' title='bbox 272 267 451 317; x_wconf 80' lang='lat' dir='ltr'>placeret,</span> <span class='ocrx_word' id='word_1_33' title='bbox 471 267 624 314; x_wconf 82' lang='lat' dir='ltr'>scirent,</span> <span class='ocrx_word' id='word_1_34' title='bbox 647 272 735 317; x_wconf 90' lang='lat' dir='ltr'>post</span> <span class='ocrx_word' id='word_1_35' title='bbox 755 266 924 305; x_wconf 88' lang='lat' dir='ltr'>reditum</span> <span class='ocrx_word' id='word_1_36' title='bbox 946 267 1162 317; x_wconf 81' lang='lat' dir='ltr'>legatorum</span> <span class='ocrx_word' id='word_1_37' title='bbox 1185 272 1222 306; x_wconf 90' lang='lat' dir='ltr'>et</span> <span class='ocrx_word' id='word_1_38' title='bbox 1236 268 1444 318; x_wconf 85' lang='lat' dir='ltr'>Sicyonem</span> <span class='ocrx_word' id='word_1_39' title='bbox 1467 278 1564 304; x_wconf 91' lang='lat' dir='ltr'>con-</span> 
     </span>
     <span class='ocr_line' id='line_1_9' title="bbox 149 322 1564 374; baseline -0.001 -13"><span class='ocrx_word' id='word_1_40' title='bbox 149 323 278 361; x_wconf 88' lang='lat' dir='ltr'>cilium</span> <span class='ocrx_word' id='word_1_41' title='bbox 298 323 502 362; x_wconf 84' lang='lat' dir='ltr'>edixerunt</span> <span class='ocrx_word' id='word_1_42' title='bbox 527 329 563 362; x_wconf 90' lang='lat' dir='ltr'>et</span> <span class='ocrx_word' id='word_1_43' title='bbox 578 324 721 374; x_wconf 82' lang='lat' dir='ltr'>legatos</span> <span class='ocrx_word' id='word_1_44' title='bbox 748 322 794 361; x_wconf 85' lang='lat' dir='ltr'>ad</span> <span class='ocrx_word' id='word_1_45' title='bbox 819 323 862 360; x_wconf 90' lang='lat' dir='ltr'>T.</span> <span class='ocrx_word' id='word_1_46' title='bbox 886 323 1109 369; x_wconf 84' lang='lat' dir='ltr'>Quinctium</span> <span class='ocrx_word' id='word_1_47' title='bbox 1141 324 1342 369; x_wconf 86' lang='lat' dir='ltr'>miserunt,</span> <span class='ocrx_word' id='word_1_48' title='bbox 1371 323 1439 374; x_wconf 86' lang='lat' dir='ltr'>qui</span> <span class='ocrx_word' id='word_1_49' title='bbox 1467 334 1564 360; x_wconf 86' lang='lat' dir='ltr'>con-</span> 
     </span>
     <span class='ocr_line' id='line_1_10' title="bbox 146 378 1605 430; baseline -0.003 -12"><span class='ocrx_word' id='word_1_50' title='bbox 146 379 275 418; x_wconf 85' lang='lat' dir='ltr'>silium</span> <span class='ocrx_word' id='word_1_51' title='bbox 306 379 352 418; x_wconf 90' lang='lat' dir='ltr'>ab</span> <span class='ocrx_word' id='word_1_52' title='bbox 384 392 428 418; x_wconf 91' lang='lat' dir='ltr'>eo</span> <span class='ocrx_word' id='word_1_53' title='bbox 453 385 639 430; x_wconf 89' lang='lat' dir='ltr'>peterent.</span> <span class='ocrx_word' id='word_1_54' title='bbox 666 380 707 417; x_wconf 92' lang='lat' dir='ltr'>in</span> <span class='ocrx_word' id='word_1_55' title='bbox 734 379 894 417; x_wconf 87' lang='lat' dir='ltr'>concilio</span> <span class='ocrx_word' id='word_1_56' title='bbox 924 379 1100 417; x_wconf 88' lang='lat' dir='ltr'>omnium</span> <span class='ocrx_word' id='word_1_57' title='bbox 1122 379 1168 417; x_wconf 89' lang='lat' dir='ltr'>ad</span> <span class='ocrx_word' id='word_1_58' title='bbox 1197 379 1341 418; x_wconf 88' lang='lat' dir='ltr'>bellum</span> <span class='ocrx_word' id='word_1_59' title='bbox 1372 378 1563 428; x_wconf 83' lang='lat' dir='ltr'>extemplo</span> <span class='ocrx_word' id='word_1_60' title='bbox 1585 383 1605 413; x_wconf 82' lang='lat'>5</span> 
     </span>
     <span class='ocr_line' id='line_1_11' title="bbox 148 435 1564 486; baseline -0.001 -12"><span class='ocrx_word' id='word_1_61' title='bbox 148 436 430 486; x_wconf 83' lang='lat' dir='ltr'>capessendum</span> <span class='ocrx_word' id='word_1_62' title='bbox 449 436 650 474; x_wconf 83' lang='lat' dir='ltr'>inclinatae</span> <span class='ocrx_word' id='word_1_63' title='bbox 673 435 883 473; x_wconf 87' lang='lat' dir='ltr'>sententiae</span> <span class='ocrx_word' id='word_1_64' title='bbox 906 441 1034 481; x_wconf 73' lang='lat' dir='ltr'>erant,</span> <span class='ocrx_word' id='word_1_65' title='bbox 1054 436 1197 474; x_wconf 78' lang='lat' dir='ltr'>litterae</span> <span class='ocrx_word' id='word_1_66' title='bbox 1220 436 1263 473; x_wconf 94' lang='lat' dir='ltr'>T.</span> <span class='ocrx_word' id='word_1_67' title='bbox 1286 435 1442 482; x_wconf 76' lang='lat' dir='ltr'>Quincti</span> <span class='ocrx_word' id='word_1_68' title='bbox 1465 446 1564 473; x_wconf 87' lang='lat' dir='ltr'>cun-</span> 
     </span>
     <span class='ocr_line' id='line_1_12' title="bbox 146 491 1565 542; baseline -0.001 -12"><span class='ocrx_word' id='word_1_69' title='bbox 146 492 352 530; x_wconf 84' lang='lat' dir='ltr'>ctationem</span> <span class='ocrx_word' id='word_1_70' title='bbox 379 492 606 538; x_wconf 87' lang='lat' dir='ltr'>iniecerunt,</span> <span class='ocrx_word' id='word_1_71' title='bbox 637 491 778 542; x_wconf 87' lang='lat' dir='ltr'>quibus</span> <span class='ocrx_word' id='word_1_72' title='bbox 804 497 938 529; x_wconf 88' lang='lat' dir='ltr'>auctor</span> <span class='ocrx_word' id='word_1_73' title='bbox 969 496 1048 529; x_wconf 88' lang='lat' dir='ltr'>erat</span> <span class='ocrx_word' id='word_1_74' title='bbox 1075 497 1295 541; x_wconf 81' lang='lat' dir='ltr'>praetorem</span> <span class='ocrx_word' id='word_1_75' title='bbox 1326 492 1565 541; x_wconf 87' lang='lat' dir='ltr'>classemque</span> 
     </span>
     <span class='ocr_line' id='line_1_13' title="bbox 146 547 1605 599; baseline -0.002 -12"><span class='ocrx_word' id='word_1_76' title='bbox 146 548 363 587; x_wconf 84' lang='lat' dir='ltr'>Romanam</span> <span class='ocrx_word' id='word_1_77' title='bbox 390 547 626 599; x_wconf 81' lang='lat' dir='ltr'>expectandi.</span> <span class='ocrx_word' id='word_1_78' title='bbox 666 559 755 586; x_wconf 90' lang='lat' dir='ltr'>cum</span> <span class='ocrx_word' id='word_1_79' title='bbox 783 547 1004 597; x_wconf 86' lang='lat' dir='ltr'>principum</span> <span class='ocrx_word' id='word_1_80' title='bbox 1034 547 1093 585; x_wconf 88' lang='lat' dir='ltr'>alii</span> <span class='ocrx_word' id='word_1_81' title='bbox 1124 548 1164 585; x_wconf 91' lang='grc'>111</span> <span class='ocrx_word' id='word_1_82' title='bbox 1196 547 1383 585; x_wconf 87' lang='lat' dir='ltr'>sententia</span> <span class='ocrx_word' id='word_1_83' title='bbox 1408 559 1564 597; x_wconf 86' lang='lat' dir='ltr'>perma-</span> <span class='ocrx_word' id='word_1_84' title='bbox 1585 552 1605 583; x_wconf 82' lang='grc'>6</span> 
     </span>
     <span class='ocr_line' id='line_1_14' title="bbox 147 603 1563 654; baseline -0.001 -12"><span class='ocrx_word' id='word_1_85' title='bbox 147 610 298 651; x_wconf 84' lang='lat' dir='ltr'>nerent,</span> <span class='ocrx_word' id='word_1_86' title='bbox 321 605 381 643; x_wconf 86' lang='lat' dir='ltr'>alii</span> <span class='ocrx_word' id='word_1_87' title='bbox 402 604 592 643; x_wconf 88' lang='lat' dir='ltr'>utendum</span> <span class='ocrx_word' id='word_1_88' title='bbox 616 603 710 650; x_wconf 89' lang='lat' dir='ltr'>eius,</span> <span class='ocrx_word' id='word_1_89' title='bbox 735 616 852 654; x_wconf 87' lang='lat' dir='ltr'>quem</span> <span class='ocrx_word' id='word_1_90' title='bbox 875 603 948 653; x_wconf 90' lang='lat' dir='ltr'>ipsi</span> <span class='ocrx_word' id='word_1_91' title='bbox 963 604 1261 649; x_wconf 84' lang='lat' dir='ltr'>consuluissent,</span> <span class='ocrx_word' id='word_1_92' title='bbox 1287 603 1445 641; x_wconf 89' lang='lat' dir='ltr'>consilio</span> <span class='ocrx_word' id='word_1_93' title='bbox 1470 615 1563 641; x_wconf 89' lang='lat' dir='ltr'>cen-</span> 
     </span>
     <span class='ocr_line' id='line_1_15' title="bbox 146 659 1604 710; baseline -0.001 -12"><span class='ocrx_word' id='word_1_94' title='bbox 146 666 287 707; x_wconf 84' lang='lat' dir='ltr'>serent,</span> <span class='ocrx_word' id='word_1_95' title='bbox 315 660 519 699; x_wconf 85' lang='lat' dir='ltr'>multitudo</span> <span class='ocrx_word' id='word_1_96' title='bbox 539 660 854 710; x_wconf 84' lang='lat' dir='ltr'>Philopoemenis</span> <span class='ocrx_word' id='word_1_97' title='bbox 886 660 1115 698; x_wconf 80' lang='lat' dir='ltr'>sententiam</span> <span class='ocrx_word' id='word_1_98' title='bbox 1144 659 1378 710; x_wconf 82' lang='lat' dir='ltr'>expectabat.</span> <span class='ocrx_word' id='word_1_99' title='bbox 1410 665 1565 709; x_wconf 90' lang='lat' dir='ltr'>praetor</span> <span class='ocrx_word' id='word_1_100' title='bbox 1584 662 1604 692; x_wconf 87' lang='lat'>7</span> 
     </span>
     <span class='ocr_line' id='line_1_16' title="bbox 143 715 1565 767; baseline -0.001 -12"><span class='ocrx_word' id='word_1_101' title='bbox 143 717 176 755; x_wconf 91' lang='lat' dir='ltr'>is</span> <span class='ocrx_word' id='word_1_102' title='bbox 205 721 289 754; x_wconf 90' lang='lat' dir='ltr'>tum</span> <span class='ocrx_word' id='word_1_103' title='bbox 317 722 397 755; x_wconf 87' lang='lat' dir='ltr'>erat</span> <span class='ocrx_word' id='word_1_104' title='bbox 426 722 462 755; x_wconf 89' lang='lat' dir='ltr'>et</span> <span class='ocrx_word' id='word_1_105' title='bbox 491 716 618 755; x_wconf 89' lang='lat' dir='ltr'>omnis</span> <span class='ocrx_word' id='word_1_106' title='bbox 642 728 686 754; x_wconf 90' lang='lat' dir='ltr'>eo</span> <span class='ocrx_word' id='word_1_107' title='bbox 709 722 885 767; x_wconf 83' lang='lat' dir='ltr'>tempore</span> <span class='ocrx_word' id='word_1_108' title='bbox 909 722 945 754; x_wconf 86' lang='lat' dir='ltr'>et</span> <span class='ocrx_word' id='word_1_109' title='bbox 966 716 1169 766; x_wconf 86' lang='lat' dir='ltr'>prudentia</span> <span class='ocrx_word' id='word_1_110' title='bbox 1193 722 1229 754; x_wconf 89' lang='lat' dir='ltr'>et</span> <span class='ocrx_word' id='word_1_111' title='bbox 1250 715 1474 754; x_wconf 88' lang='lat' dir='ltr'>auctoritate</span> <span class='ocrx_word' id='word_1_112' title='bbox 1493 727 1565 753; x_wconf 89' lang='lat' dir='ltr'>an-</span> 
     </span>
     <span class='ocr_line' id='line_1_17' title="bbox 143 771 1566 823; baseline -0.001 -13"><span class='ocrx_word' id='word_1_113' title='bbox 143 771 272 811; x_wconf 88' lang='lat' dir='ltr'>teibat.</span> <span class='ocrx_word' id='word_1_114' title='bbox 311 772 344 811; x_wconf 91' lang='lat' dir='ltr'>is</span> <span class='ocrx_word' id='word_1_115' title='bbox 379 774 574 823; x_wconf 85' lang='lat' dir='ltr'>praefatus</span> <span class='ocrx_word' id='word_1_116' title='bbox 614 772 714 811; x_wconf 89' lang='grc'><strong>116116</strong></span> <span class='ocrx_word' id='word_1_117' title='bbox 754 778 1021 823; x_wconf 87' lang='lat' dir='ltr'>comparatum</span> <span class='ocrx_word' id='word_1_118' title='bbox 1056 773 1159 823; x_wconf 86' lang='lat' dir='ltr'>apud</span> <span class='ocrx_word' id='word_1_119' title='bbox 1198 772 1353 810; x_wconf 84' lang='lat' dir='ltr'>Aetolos</span> <span class='ocrx_word' id='word_1_120' title='bbox 1384 783 1488 817; x_wconf 89' lang='lat' dir='ltr'>esse,</span> <span class='ocrx_word' id='word_1_121' title='bbox 1516 783 1566 809; x_wconf 92' lang='lat' dir='ltr'>ne</span> 
     </span>
     <span class='ocr_line' id='line_1_18' title="bbox 145 828 1565 879; baseline -0.001 -12"><span class='ocrx_word' id='word_1_122' title='bbox 145 834 311 879; x_wconf 87' lang='lat' dir='ltr'>praetor,</span> <span class='ocrx_word' id='word_1_123' title='bbox 340 841 430 867; x_wconf 87' lang='lat' dir='ltr'>cum</span> <span class='ocrx_word' id='word_1_124' title='bbox 452 829 498 867; x_wconf 89' lang='lat' dir='ltr'>de</span> <span class='ocrx_word' id='word_1_125' title='bbox 520 828 620 867; x_wconf 85' lang='grc'><strong>116116</strong></span> <span class='ocrx_word' id='word_1_126' title='bbox 642 829 913 875; x_wconf 88' lang='lat' dir='ltr'>consuluisset,</span> <span class='ocrx_word' id='word_1_127' title='bbox 936 829 1018 879; x_wconf 86' lang='lat' dir='ltr'>ipse</span> <span class='ocrx_word' id='word_1_128' title='bbox 1042 828 1272 868; x_wconf 85' lang='lat' dir='ltr'>sententiam</span> <span class='ocrx_word' id='word_1_129' title='bbox 1300 828 1455 873; x_wconf 79' lang='lat' dir='ltr'>(liceret,</span> <span class='ocrx_word' id='word_1_130' title='bbox 1487 832 1565 865; x_wconf 89' lang='lat' dir='ltr'>sta-</span> 
     </span>
     <span class='ocr_line' id='line_1_19' title="bbox 144 884 1604 936; baseline 0.001 -13"><span class='ocrx_word' id='word_1_131' title='bbox 144 890 253 923; x_wconf 86' lang='lat' dir='ltr'>tuere</span> <span class='ocrx_word' id='word_1_132' title='bbox 277 897 395 935; x_wconf 88' lang='lat' dir='ltr'>quam</span> <span class='ocrx_word' id='word_1_133' title='bbox 410 885 583 935; x_wconf 88' lang='lat' dir='ltr'>primum</span> <span class='ocrx_word' id='word_1_134' title='bbox 598 885 717 936; x_wconf 88' lang='lat' dir='ltr'>ipsos,</span> <span class='ocrx_word' id='word_1_135' title='bbox 739 885 832 936; x_wconf 88' lang='lat' dir='ltr'>quid</span> <span class='ocrx_word' id='word_1_136' title='bbox 853 885 1003 931; x_wconf 86' lang='lat' dir='ltr'>vellent,</span> <span class='ocrx_word' id='word_1_137' title='bbox 1026 885 1157 924; x_wconf 87' lang='lat' dir='ltr'>iussit:</span> <span class='ocrx_word' id='word_1_138' title='bbox 1178 890 1399 935; x_wconf 90' lang='lat' dir='ltr'>praetorem</span> <span class='ocrx_word' id='word_1_139' title='bbox 1414 884 1566 922; x_wconf 86' lang='lat' dir='ltr'>decreta</span> <span class='ocrx_word' id='word_1_140' title='bbox 1585 893 1604 925; x_wconf 79' lang='lat' dir='ltr'>S</span> 
     </span>
     <span class='ocr_line' id='line_1_20' title="bbox 145 941 1564 992; baseline -0.001 -13"><span class='ocrx_word' id='word_1_141' title='bbox 145 953 285 979; x_wconf 87' lang='lat' dir='ltr'>eorum</span> <span class='ocrx_word' id='word_1_142' title='bbox 316 953 404 979; x_wconf 90' lang='lat' dir='ltr'>cum</span> <span class='ocrx_word' id='word_1_143' title='bbox 431 941 506 980; x_wconf 84' lang='lat' dir='ltr'>fide</span> <span class='ocrx_word' id='word_1_144' title='bbox 536 947 572 980; x_wconf 88' lang='lat' dir='ltr'>et</span> <span class='ocrx_word' id='word_1_145' title='bbox 596 954 688 980; x_wconf 86' lang='lat' dir='ltr'>cura</span> <span class='ocrx_word' id='word_1_146' title='bbox 710 947 986 980; x_wconf 84' lang='lat' dir='ltr'>exsecuturum</span> <span class='ocrx_word' id='word_1_147' title='bbox 1011 942 1332 992; x_wconf 85' lang='lat' dir='ltr'>adnisurumque,</span> <span class='ocrx_word' id='word_1_148' title='bbox 1362 946 1415 987; x_wconf 89' lang='lat' dir='ltr'>ut,</span> <span class='ocrx_word' id='word_1_149' title='bbox 1437 952 1564 990; x_wconf 86' lang='lat' dir='ltr'>quan-</span> 
     </span>
     <span class='ocr_line' id='line_1_21' title="bbox 144 997 1567 1048; baseline -0.001 -13"><span class='ocrx_word' id='word_1_150' title='bbox 144 1003 228 1035; x_wconf 89' lang='lat' dir='ltr'>tum</span> <span class='ocrx_word' id='word_1_151' title='bbox 247 997 288 1035; x_wconf 93' lang='lat' dir='ltr'>in</span> <span class='ocrx_word' id='word_1_152' title='bbox 304 997 463 1036; x_wconf 85' lang='lat' dir='ltr'>consilio</span> <span class='ocrx_word' id='word_1_153' title='bbox 490 998 662 1036; x_wconf 87' lang='lat' dir='ltr'>humano</span> <span class='ocrx_word' id='word_1_154' title='bbox 693 998 865 1048; x_wconf 85' lang='lat' dir='ltr'>positum</span> <span class='ocrx_word' id='word_1_155' title='bbox 896 1003 1007 1044; x_wconf 88' lang='lat' dir='ltr'>esset,</span> <span class='ocrx_word' id='word_1_156' title='bbox 1039 1010 1111 1036; x_wconf 90' lang='lat' dir='ltr'>nec</span> <span class='ocrx_word' id='word_1_157' title='bbox 1136 998 1239 1048; x_wconf 88' lang='lat' dir='ltr'>pacis</span> <span class='ocrx_word' id='word_1_158' title='bbox 1261 1010 1327 1036; x_wconf 90' lang='lat' dir='ltr'>eos</span> <span class='ocrx_word' id='word_1_159' title='bbox 1354 997 1567 1047; x_wconf 85' lang='lat' dir='ltr'>paeniteret</span> 
     </span>
     <span class='ocr_line' id='line_1_22' title="bbox 144 1053 1604 1104; baseline 0.001 -13"><span class='ocrx_word' id='word_1_160' title='bbox 144 1065 218 1092; x_wconf 88' lang='lat' dir='ltr'>nec</span> <span class='ocrx_word' id='word_1_161' title='bbox 248 1053 347 1091; x_wconf 87' lang='lat' dir='ltr'>belli.</span> <span class='ocrx_word' id='word_1_162' title='bbox 374 1054 461 1104; x_wconf 87' lang='lat' dir='ltr'>plus</span> <span class='ocrx_word' id='word_1_163' title='bbox 493 1066 535 1092; x_wconf 89' lang='lat' dir='ltr'>ea</span> <span class='ocrx_word' id='word_1_164' title='bbox 567 1054 687 1092; x_wconf 85' lang='lat' dir='ltr'>oratio</span> <span class='ocrx_word' id='word_1_165' title='bbox 718 1054 906 1093; x_wconf 85' lang='lat' dir='ltr'>momenti</span> <span class='ocrx_word' id='word_1_166' title='bbox 936 1054 982 1092; x_wconf 91' lang='lat' dir='ltr'>ad</span> <span class='ocrx_word' id='word_1_167' title='bbox 1003 1054 1218 1093; x_wconf 80' lang='lat' dir='ltr'>incitandos</span> <span class='ocrx_word' id='word_1_168' title='bbox 1245 1054 1291 1092; x_wconf 88' lang='lat' dir='ltr'>ad</span> <span class='ocrx_word' id='word_1_169' title='bbox 1317 1053 1463 1091; x_wconf 84' lang='lat' dir='ltr'>bellum</span> <span class='ocrx_word' id='word_1_170' title='bbox 1493 1053 1564 1091; x_wconf 89' lang='lat' dir='ltr'>ha-</span> <span class='ocrx_word' id='word_1_171' title='bbox 1584 1061 1604 1092; x_wconf 85' lang='grc'>9</span> 
     </span>
     <span class='ocr_line' id='line_1_23' title="bbox 142 1108 1565 1161; baseline 0 -14"><span class='ocrx_word' id='word_1_172' title='bbox 142 1108 238 1155; x_wconf 89' lang='lat' dir='ltr'>buit,</span> <span class='ocrx_word' id='word_1_173' title='bbox 258 1121 375 1160; x_wconf 89' lang='lat' dir='ltr'>quam</span> <span class='ocrx_word' id='word_1_174' title='bbox 398 1110 429 1148; x_wconf 92' lang='lat' dir='ltr'>si</span> <span class='ocrx_word' id='word_1_175' title='bbox 450 1115 579 1160; x_wconf 86' lang='lat' dir='ltr'>aperte</span> <span class='ocrx_word' id='word_1_176' title='bbox 602 1110 802 1149; x_wconf 83' lang='lat' dir='ltr'>suadendo</span> <span class='ocrx_word' id='word_1_177' title='bbox 825 1110 1071 1161; x_wconf 79' lang='lat' dir='ltr'>cupiditatem</span> <span class='ocrx_word' id='word_1_178' title='bbox 1097 1123 1159 1149; x_wconf 87' lang='lat' dir='ltr'>res</span> <span class='ocrx_word' id='word_1_179' title='bbox 1181 1110 1339 1161; x_wconf 79' lang='lat' dir='ltr'>gerendi</span> <span class='ocrx_word' id='word_1_180' title='bbox 1371 1108 1565 1148; x_wconf 87' lang='lat' dir='ltr'>ostendis—</span> 
     </span>
    </p>
   </div>
   <div class='ocr_carea' id='block_1_8' title="bbox 132 1239 821 2510">
    <p class='ocr_par' dir='ltr' id='par_1_8' title="bbox 132 1239 821 1963">
     <span class='ocr_line' id='line_1_24' title="bbox 143 1239 819 1284; baseline 0.004 -12"><span class='ocrx_word' id='word_1_181' title='bbox 143 1241 194 1273; x_wconf 85' lang='lat' dir='ltr'>die</span> <span class='ocrx_word' id='word_1_182' title='bbox 229 1239 422 1283; x_wconf 86' lang='lat' dir='ltr'>feindselige</span> <span class='ocrx_word' id='word_1_183' title='bbox 450 1241 641 1284; x_wconf 83' lang='lat' dir='ltr'>Gesinnung</span> <span class='ocrx_word' id='word_1_184' title='bbox 666 1243 819 1275; x_wconf 84' lang='lat' dir='ltr'>bezeich-</span> 
     </span>
     <span class='ocr_line' id='line_1_25' title="bbox 143 1287 819 1329; baseline 0.003 -11"><span class='ocrx_word' id='word_1_185' title='bbox 143 1297 205 1319; x_wconf 87' lang='lat' dir='ltr'>nen</span> <span class='ocrx_word' id='word_1_186' title='bbox 230 1287 354 1319; x_wconf 75' lang='lat' dir='ltr'>wiirde.</span> <span class='ocrx_word' id='word_1_187' title='bbox 381 1305 427 1310; x_wconf 97' lang='lat'><strong>—</strong></span> <span class='ocrx_word' id='word_1_188' title='bbox 450 1290 565 1327; x_wconf 57' lang='lat' dir='ltr'>nub-er„</span> <span class='ocrx_word' id='word_1_189' title='bbox 591 1298 617 1319; x_wconf 79' lang='lat' dir='ltr'>e.</span> <span class='ocrx_word' id='word_1_190' title='bbox 647 1290 698 1329; x_wconf 89' lang='lat'>13,</span> <span class='ocrx_word' id='word_1_191' title='bbox 725 1291 754 1322; x_wconf 90' lang='lat'>3.</span> <span class='ocrx_word' id='word_1_192' title='bbox 775 1306 819 1311; x_wconf 89' lang='lat'>——</span> 
     </span>
     <span class='ocr_line' id='line_1_26' title="bbox 141 1333 819 1374; baseline 0 -9"><span class='ocrx_word' id='word_1_193' title='bbox 141 1339 234 1365; x_wconf 77' lang='lat' dir='ltr'>antea</span> <span class='ocrx_word' id='word_1_194' title='bbox 269 1350 312 1354; x_wconf 86' lang='lat'><em>-</em></span> <span class='ocrx_word' id='word_1_195' title='bbox 342 1344 438 1374; x_wconf 78' lang='lat' dir='ltr'>quam</span> <span class='ocrx_word' id='word_1_196' title='bbox 470 1333 570 1365; x_wconf 81' lang='lat' dir='ltr'>findet</span> <span class='ocrx_word' id='word_1_197' title='bbox 601 1333 673 1365; x_wconf 87' lang='lat' dir='ltr'>sich</span> <span class='ocrx_word' id='word_1_198' title='bbox 713 1334 819 1366; x_wconf 84' lang='lat' dir='ltr'>selten</span> 
     </span>
     <span class='ocr_line' id='line_1_27' title="bbox 140 1378 818 1419; baseline 0.004 -10"><span class='ocrx_word' id='word_1_199' title='bbox 140 1382 224 1410; x_wconf 83' lang='lat' dir='ltr'>statt</span> <span class='ocrx_word' id='word_1_200' title='bbox 248 1385 433 1419; x_wconf 75' lang='lat' dir='ltr'>antequam,</span> <span class='ocrx_word' id='word_1_201' title='bbox 467 1389 492 1410; x_wconf 90' lang='grc'>5.</span> <span class='ocrx_word' id='word_1_202' title='bbox 518 1378 584 1410; x_wconf 84' lang='lat' dir='ltr'>Cic.</span> <span class='ocrx_word' id='word_1_203' title='bbox 613 1378 703 1411; x_wconf 88' lang='lat' dir='ltr'>Fam.</span> <span class='ocrx_word' id='word_1_204' title='bbox 729 1381 759 1415; x_wconf 76' lang='lat'>3,</span> <span class='ocrx_word' id='word_1_205' title='bbox 787 1382 818 1419; x_wconf 85' lang='lat'>6,</span> 
     </span>
     <span class='ocr_line' id='line_1_28' title="bbox 142 1423 821 1467; baseline 0 -11"><span class='ocrx_word' id='word_1_206' title='bbox 142 1425 174 1463; x_wconf 90' lang='lat'>2,</span> <span class='ocrx_word' id='word_1_207' title='bbox 202 1423 268 1464; x_wconf 84' lang='lat' dir='ltr'>vgl.</span> <span class='ocrx_word' id='word_1_208' title='bbox 295 1425 350 1463; x_wconf 94' lang='lat'>26,</span> <span class='ocrx_word' id='word_1_209' title='bbox 378 1425 432 1463; x_wconf 97' lang='lat'>31,</span> <span class='ocrx_word' id='word_1_210' title='bbox 453 1426 488 1457; x_wconf 90' lang='lat'>7:</span> <span class='ocrx_word' id='word_1_211' title='bbox 509 1431 736 1467; x_wconf 74' lang='lat' dir='ltr'>posteaquam3</span> <span class='ocrx_word' id='word_1_212' title='bbox 762 1425 821 1456; x_wconf 86' lang='lat' dir='ltr'>der</span> 
     </span>
     <span class='ocr_line' id='line_1_29' title="bbox 141 1468 818 1514; baseline 0.006 -14"><span class='ocrx_word' id='word_1_213' title='bbox 141 1468 352 1510; x_wconf 81' lang='lat' dir='ltr'>Conjunctiv,</span> <span class='ocrx_word' id='word_1_214' title='bbox 385 1479 488 1510; x_wconf 82' lang='lat' dir='ltr'>gegeu</span> <span class='ocrx_word' id='word_1_215' title='bbox 514 1471 568 1509; x_wconf 92' lang='lat'>23,</span> <span class='ocrx_word' id='word_1_216' title='bbox 604 1472 656 1509; x_wconf 84' lang='lat'>30,</span> <span class='ocrx_word' id='word_1_217' title='bbox 691 1472 731 1514; x_wconf 81' lang='grc'>4,</span> <span class='ocrx_word' id='word_1_218' title='bbox 765 1472 818 1510; x_wconf 86' lang='grc'>35,</span> 
     </span>
     <span class='ocr_line' id='line_1_30' title="bbox 141 1514 818 1556; baseline -0.001 -9"><span class='ocrx_word' id='word_1_219' title='bbox 141 1515 195 1554; x_wconf 90' lang='grc'>26,</span> <span class='ocrx_word' id='word_1_220' title='bbox 235 1516 266 1554; x_wconf 92' lang='grc'>9,</span> <span class='ocrx_word' id='word_1_221' title='bbox 295 1514 499 1553; x_wconf 81' lang='lat' dir='ltr'>bezeichnet,</span> <span class='ocrx_word' id='word_1_222' title='bbox 526 1515 591 1547; x_wconf 79' lang='lat' dir='ltr'>wie</span> <span class='ocrx_word' id='word_1_223' title='bbox 615 1518 670 1555; x_wconf 79' lang='grc'>45,</span> <span class='ocrx_word' id='word_1_224' title='bbox 699 1518 751 1556; x_wconf 88' lang='grc'>11,</span> <span class='ocrx_word' id='word_1_225' title='bbox 779 1518 818 1555; x_wconf 83' lang='grc'>3;</span> 
     </span>
     <span class='ocr_line' id='line_1_31' title="bbox 141 1561 818 1601; baseline 0 -9"><span class='ocrx_word' id='word_1_226' title='bbox 141 1561 195 1599; x_wconf 88' lang='grc'>24,</span> <span class='ocrx_word' id='word_1_227' title='bbox 230 1561 286 1599; x_wconf 89' lang='grc'>18,</span> <span class='ocrx_word' id='word_1_228' title='bbox 324 1562 363 1601; x_wconf 77' lang='lat'>93</span> <span class='ocrx_word' id='word_1_229' title='bbox 400 1562 429 1600; x_wconf 94' lang='lat'>5,</span> <span class='ocrx_word' id='word_1_230' title='bbox 468 1562 518 1599; x_wconf 93' lang='lat'>19,</span> <span class='ocrx_word' id='word_1_231' title='bbox 558 1563 597 1594; x_wconf 89' lang='lat'>11</span> <span class='ocrx_word' id='word_1_232' title='bbox 633 1573 662 1592; x_wconf 95' lang='lat' dir='ltr'>u.</span> <span class='ocrx_word' id='word_1_233' title='bbox 698 1571 738 1601; x_wconf 90' lang='lat' dir='ltr'>a.,</span> <span class='ocrx_word' id='word_1_234' title='bbox 767 1561 818 1593; x_wconf 87' lang='lat' dir='ltr'>die</span> 
     </span>
     <span class='ocr_line' id='line_1_32' title="bbox 139 1604 818 1647; baseline 0.004 -12"><span class='ocrx_word' id='word_1_235' title='bbox 139 1604 212 1636; x_wconf 84' lang='lat' dir='ltr'>An·</span> <span class='ocrx_word' id='word_1_236' title='bbox 243 1605 309 1636; x_wconf 81' lang='lat' dir='ltr'>und</span> <span class='ocrx_word' id='word_1_237' title='bbox 331 1604 471 1637; x_wconf 88' lang='lat' dir='ltr'>Absicht</span> <span class='ocrx_word' id='word_1_238' title='bbox 496 1606 553 1637; x_wconf 85' lang='lat' dir='ltr'>der</span> <span class='ocrx_word' id='word_1_239' title='bbox 577 1605 726 1647; x_wconf 56' lang='lat' dir='ltr'>Achtier,</span> <span class='ocrx_word' id='word_1_240' title='bbox 770 1606 818 1638; x_wconf 81' lang='lat' dir='ltr'>sie</span> 
     </span>
     <span class='ocr_line' id='line_1_33' title="bbox 140 1649 817 1692; baseline 0.003 -11"><span class='ocrx_word' id='word_1_241' title='bbox 140 1649 247 1682; x_wconf 87' lang='lat' dir='ltr'>sollen</span> <span class='ocrx_word' id='word_1_242' title='bbox 283 1655 395 1683; x_wconf 83' lang='lat' dir='ltr'>zuerst</span> <span class='ocrx_word' id='word_1_243' title='bbox 438 1651 704 1692; x_wconf 82' lang='lat' dir='ltr'>zuriickgekehrt</span> <span class='ocrx_word' id='word_1_244' title='bbox 736 1651 817 1689; x_wconf 88' lang='lat' dir='ltr'>sein,</span> 
     </span>
     <span class='ocr_line' id='line_1_34' title="bbox 140 1694 817 1737; baseline 0.004 -11"><span class='ocrx_word' id='word_1_245' title='bbox 140 1695 207 1736; x_wconf 76' lang='lat' dir='ltr'>vgl.</span> <span class='ocrx_word' id='word_1_246' title='bbox 239 1694 332 1728; x_wconf 83' lang='lat' dir='ltr'>Caes.</span> <span class='ocrx_word' id='word_1_247' title='bbox 369 1696 402 1727; x_wconf 89' lang='lat' dir='ltr'>B.</span> <span class='ocrx_word' id='word_1_248' title='bbox 437 1695 474 1728; x_wconf 91' lang='lat' dir='ltr'>G.</span> <span class='ocrx_word' id='word_1_249' title='bbox 509 1698 547 1737; x_wconf 87' lang='lat'>3,</span> <span class='ocrx_word' id='word_1_250' title='bbox 585 1699 643 1736; x_wconf 87' lang='grc'>18,</span> <span class='ocrx_word' id='word_1_251' title='bbox 682 1699 719 1730; x_wconf 84' lang='lat'>7:</span> <span class='ocrx_word' id='word_1_252' title='bbox 752 1708 817 1729; x_wconf 78' lang='lat' dir='ltr'>non</span> 
     </span>
     <span class='ocr_line' id='line_1_35' title="bbox 132 1743 818 1783; baseline 0.003 -11"><span class='ocrx_word' id='word_1_253' title='bbox 132 1743 231 1781; x_wconf 73' lang='lat' dir='ltr'>prius</span> <span class='ocrx_word' id='word_1_254' title='bbox 262 1748 304 1764; x_wconf 76' lang='lat'>‘—</span> <span class='ocrx_word' id='word_1_255' title='bbox 342 1752 437 1783; x_wconf 75' lang='lat' dir='ltr'>quam</span> <span class='ocrx_word' id='word_1_256' title='bbox 469 1744 511 1774; x_wconf 74' lang='lat' dir='ltr'>sit</span> <span class='ocrx_word' id='word_1_257' title='bbox 542 1753 731 1775; x_wconf 74' lang='lat' dir='ltr'>conoessum.</span> <span class='ocrx_word' id='word_1_258' title='bbox 773 1760 818 1765; x_wconf 92' lang='lat'>—</span> 
     </span>
     <span class='ocr_line' id='line_1_36' title="bbox 139 1787 815 1829; baseline 0 -10"><span class='ocrx_word' id='word_1_259' title='bbox 139 1787 286 1826; x_wconf 59' lang='lat' dir='ltr'>Sicyon„</span> <span class='ocrx_word' id='word_1_260' title='bbox 311 1797 336 1818; x_wconf 87' lang='lat' dir='ltr'>S.</span> <span class='ocrx_word' id='word_1_261' title='bbox 363 1789 425 1827; x_wconf 94' lang='lat'>31,</span> <span class='ocrx_word' id='word_1_262' title='bbox 460 1789 521 1826; x_wconf 88' lang='lat'>25,</span> <span class='ocrx_word' id='word_1_263' title='bbox 560 1789 598 1820; x_wconf 89' lang='lat'>2:</span> <span class='ocrx_word' id='word_1_264' title='bbox 633 1789 745 1829; x_wconf 71' lang='lat' dir='ltr'>Arqz&#39;s.</span> <span class='ocrx_word' id='word_1_265' title='bbox 772 1805 815 1810; x_wconf 90' lang='lat'>—</span> 
     </span>
     <span class='ocr_line' id='line_1_37' title="bbox 139 1832 816 1875; baseline 0 -11"><span class='ocrx_word' id='word_1_266' title='bbox 139 1834 247 1864; x_wconf 74' lang='lat' dir='ltr'>concil.</span> <span class='ocrx_word' id='word_1_267' title='bbox 272 1834 329 1872; x_wconf 62' lang='lat' dir='ltr'>ed„</span> <span class='ocrx_word' id='word_1_268' title='bbox 356 1832 423 1873; x_wconf 77' lang='lat' dir='ltr'>vgl.</span> <span class='ocrx_word' id='word_1_269' title='bbox 439 1834 492 1871; x_wconf 83' lang='lat'>34,</span> <span class='ocrx_word' id='word_1_270' title='bbox 518 1834 573 1873; x_wconf 91' lang='lat'>22,</span> <span class='ocrx_word' id='word_1_271' title='bbox 602 1835 642 1875; x_wconf 87' lang='grc'>6,</span> <span class='ocrx_word' id='word_1_272' title='bbox 668 1834 816 1874; x_wconf 81' lang='lat' dir='ltr'>dagegen</span> 
     </span>
     <span class='ocr_line' id='line_1_38' title="bbox 139 1879 815 1920; baseline 0.001 -12"><span class='ocrx_word' id='word_1_273' title='bbox 139 1887 165 1909; x_wconf 84' lang='lat' dir='ltr'>c.</span> <span class='ocrx_word' id='word_1_274' title='bbox 197 1879 251 1917; x_wconf 87' lang='lat'>27,</span> <span class='ocrx_word' id='word_1_275' title='bbox 283 1879 341 1910; x_wconf 89' lang='lat'>11:</span> <span class='ocrx_word' id='word_1_276' title='bbox 368 1880 539 1920; x_wconf 55' lang='lat' dir='ltr'>indictunm</span> <span class='ocrx_word' id='word_1_277' title='bbox 570 1880 623 1919; x_wconf 87' lang='lat'>31,</span> <span class='ocrx_word' id='word_1_278' title='bbox 651 1880 705 1919; x_wconf 91' lang='lat'>29,</span> <span class='ocrx_word' id='word_1_279' title='bbox 726 1881 754 1912; x_wconf 86' lang='grc'><strong>8.</strong></span> <span class='ocrx_word' id='word_1_280' title='bbox 772 1896 815 1900; x_wconf 92' lang='grc'>-</span> 
     </span>
     <span class='ocr_line' id='line_1_39' title="bbox 137 1923 536 1963; baseline 0.003 -8"><span class='ocrx_word' id='word_1_281' title='bbox 137 1925 181 1955; x_wconf 78' lang='lat' dir='ltr'>ad</span> <span class='ocrx_word' id='word_1_282' title='bbox 203 1923 341 1963; x_wconf 64' lang='lat' dir='ltr'>Quinct„</span> <span class='ocrx_word' id='word_1_283' title='bbox 372 1933 398 1955; x_wconf 81' lang='lat' dir='ltr'>e.</span> <span class='ocrx_word' id='word_1_284' title='bbox 426 1925 480 1963; x_wconf 88' lang='lat'>23,</span> <span class='ocrx_word' id='word_1_285' title='bbox 508 1926 536 1956; x_wconf 85' lang='lat'>5.</span> 
     </span>
    </p>

    <p class='ocr_par' dir='ltr' id='par_1_9' title="bbox 134 1970 815 2510">
     <span class='ocr_line' id='line_1_40' title="bbox 186 1970 815 2009; baseline 0 -8"><span class='ocrx_word' id='word_1_286' title='bbox 186 1970 283 2001; x_wconf 86' lang='lat'>5—9.</span> <span class='ocrx_word' id='word_1_287' title='bbox 316 1971 504 2008; x_wconf 61' lang='lat' dir='ltr'>capessend„</span> <span class='ocrx_word' id='word_1_288' title='bbox 540 1970 593 2009; x_wconf 80' lang='lat'>31,</span> <span class='ocrx_word' id='word_1_289' title='bbox 628 1970 681 2009; x_wconf 83' lang='grc'>28,</span> <span class='ocrx_word' id='word_1_290' title='bbox 715 1971 746 2002; x_wconf 83' lang='grc'><strong>4.</strong></span> <span class='ocrx_word' id='word_1_291' title='bbox 773 1987 815 1991; x_wconf 92' lang='lat'>—</span> 
     </span>
     <span class='ocr_line' id='line_1_41' title="bbox 138 2014 815 2054; baseline 0.001 -10"><span class='ocrx_word' id='word_1_292' title='bbox 138 2015 248 2045; x_wconf 74' lang='lat' dir='ltr'>inclin.</span> <span class='ocrx_word' id='word_1_293' title='bbox 266 2031 309 2035; x_wconf 96' lang='lat'>—</span> <span class='ocrx_word' id='word_1_294' title='bbox 327 2020 428 2054; x_wconf 71' lang='lat' dir='ltr'>erant,</span> <span class='ocrx_word' id='word_1_295' title='bbox 448 2015 564 2046; x_wconf 87' lang='lat' dir='ltr'>hatten</span> <span class='ocrx_word' id='word_1_296' title='bbox 581 2014 651 2046; x_wconf 86' lang='lat' dir='ltr'>sich</span> <span class='ocrx_word' id='word_1_297' title='bbox 668 2014 815 2054; x_wconf 83' lang='lat' dir='ltr'>geneigt,</span> 
     </span>
     <span class='ocr_line' id='line_1_42' title="bbox 137 2060 815 2102; baseline 0 -11"><span class='ocrx_word' id='word_1_298' title='bbox 137 2069 164 2090; x_wconf 90' lang='grc'>5.</span> <span class='ocrx_word' id='word_1_299' title='bbox 183 2060 237 2098; x_wconf 90' lang='lat'>31,</span> <span class='ocrx_word' id='word_1_300' title='bbox 267 2060 321 2099; x_wconf 88' lang='lat'>32,</span> <span class='ocrx_word' id='word_1_301' title='bbox 348 2061 384 2102; x_wconf 91' lang='grc'>1,</span> <span class='ocrx_word' id='word_1_302' title='bbox 405 2060 459 2099; x_wconf 85' lang='grc'>30,</span> <span class='ocrx_word' id='word_1_303' title='bbox 477 2061 531 2099; x_wconf 85' lang='grc'>43,</span> <span class='ocrx_word' id='word_1_304' title='bbox 554 2061 591 2101; x_wconf 89' lang='grc'>1,</span> <span class='ocrx_word' id='word_1_305' title='bbox 612 2061 666 2099; x_wconf 89' lang='grc'>29,</span> <span class='ocrx_word' id='word_1_306' title='bbox 690 2061 742 2100; x_wconf 89' lang='lat'>33,</span> <span class='ocrx_word' id='word_1_307' title='bbox 766 2061 815 2093; x_wconf 88' lang='lat'>10.</span> 
     </span>
     <span class='ocr_line' id='line_1_43' title="bbox 138 2104 815 2144; baseline 0.001 -9"><span class='ocrx_word' id='word_1_308' title='bbox 138 2122 181 2126; x_wconf 89' lang='lat'><strong>—</strong></span> <span class='ocrx_word' id='word_1_309' title='bbox 200 2106 345 2144; x_wconf 63' lang='lat' dir='ltr'>iniec-en,</span> <span class='ocrx_word' id='word_1_310' title='bbox 383 2105 467 2136; x_wconf 87' lang='lat' dir='ltr'>nach</span> <span class='ocrx_word' id='word_1_311' title='bbox 501 2105 560 2136; x_wconf 88' lang='lat' dir='ltr'>der</span> <span class='ocrx_word' id='word_1_312' title='bbox 582 2104 644 2136; x_wconf 90' lang='lat' dir='ltr'>Mz.</span> <span class='ocrx_word' id='word_1_313' title='bbox 670 2104 736 2143; x_wconf 90' lang='grc' dir='ltr'><strong>Η5.,</strong></span> <span class='ocrx_word' id='word_1_314' title='bbox 763 2104 815 2136; x_wconf 90' lang='grc'><strong>(116</strong></span> 
     </span>
     <span class='ocr_line' id='line_1_44' title="bbox 137 2149 814 2192; baseline 0 -11"><span class='ocrx_word' id='word_1_315' title='bbox 137 2149 275 2190; x_wconf 80' lang='lat' dir='ltr'>iibrigen</span> <span class='ocrx_word' id='word_1_316' title='bbox 293 2150 400 2182; x_wconf 87' lang='lat' dir='ltr'>haben</span> <span class='ocrx_word' id='word_1_317' title='bbox 407 2151 571 2192; x_wconf 69' lang='lat' dir='ltr'>fecerunt,</span> <span class='ocrx_word' id='word_1_318' title='bbox 597 2150 662 2181; x_wconf 86' lang='lat' dir='ltr'>wie</span> <span class='ocrx_word' id='word_1_319' title='bbox 680 2149 730 2181; x_wconf 83' lang='lat' dir='ltr'>oft</span> <span class='ocrx_word' id='word_1_320' title='bbox 746 2161 814 2182; x_wconf 83' lang='lat' dir='ltr'>mo-</span> 
     </span>
     <span class='ocr_line' id='line_1_45' title="bbox 137 2195 811 2236; baseline 0.004 -10"><span class='ocrx_word' id='word_1_321' title='bbox 137 2205 207 2227; x_wconf 82' lang='lat' dir='ltr'>ram</span> <span class='ocrx_word' id='word_1_322' title='bbox 224 2196 346 2235; x_wconf 79' lang='lat' dir='ltr'>faeere,</span> <span class='ocrx_word' id='word_1_323' title='bbox 372 2195 438 2236; x_wconf 70' lang='lat' dir='ltr'>vgl.</span> <span class='ocrx_word' id='word_1_324' title='bbox 465 2196 518 2235; x_wconf 87' lang='grc'>36,</span> <span class='ocrx_word' id='word_1_325' title='bbox 546 2197 577 2235; x_wconf 89' lang='grc'>9,</span> <span class='ocrx_word' id='word_1_326' title='bbox 599 2197 657 2236; x_wconf 88' lang='grc'>13,</span> <span class='ocrx_word' id='word_1_327' title='bbox 684 2197 739 2236; x_wconf 92' lang='grc'>27,</span> <span class='ocrx_word' id='word_1_328' title='bbox 757 2198 811 2236; x_wconf 88' lang='grc'>45,</span> 
     </span>
     <span class='ocr_line' id='line_1_46' title="bbox 141 2242 812 2283; baseline 0 -10"><span class='ocrx_word' id='word_1_329' title='bbox 141 2242 176 2273; x_wconf 87' lang='lat'>1:</span> <span class='ocrx_word' id='word_1_330' title='bbox 202 2243 404 2273; x_wconf 65' lang='lat' dir='ltr'>zntervallum</span> <span class='ocrx_word' id='word_1_331' title='bbox 414 2242 551 2282; x_wconf 74' lang='lat' dir='ltr'>facere;</span> <span class='ocrx_word' id='word_1_332' title='bbox 578 2243 608 2281; x_wconf 94' lang='lat'>3,</span> <span class='ocrx_word' id='word_1_333' title='bbox 635 2242 664 2281; x_wconf 92' lang='lat'>1,</span> <span class='ocrx_word' id='word_1_334' title='bbox 695 2243 731 2274; x_wconf 89' lang='lat'>7:</span> <span class='ocrx_word' id='word_1_335' title='bbox 751 2243 812 2283; x_wconf 78' lang='lat' dir='ltr'>sa-</span> 
     </span>
     <span class='ocr_line' id='line_1_47' title="bbox 137 2286 813 2328; baseline 0 -11"><span class='ocrx_word' id='word_1_336' title='bbox 137 2287 266 2318; x_wconf 68' lang='lat' dir='ltr'>stidimn</span> <span class='ocrx_word' id='word_1_337' title='bbox 281 2288 337 2328; x_wconf 87' lang='lat' dir='ltr'>f.,</span> <span class='ocrx_word' id='word_1_338' title='bbox 362 2297 391 2317; x_wconf 89' lang='lat' dir='ltr'>n.</span> <span class='ocrx_word' id='word_1_339' title='bbox 419 2286 526 2318; x_wconf 78' lang='grc'><strong>’11.-</strong></span> <span class='ocrx_word' id='word_1_340' title='bbox 554 2293 686 2327; x_wconf 57' lang='lat' dir='ltr'>expect„</span> <span class='ocrx_word' id='word_1_341' title='bbox 721 2286 813 2318; x_wconf 85' lang='lat' dir='ltr'>scine</span> 
     </span>
     <span class='ocr_line' id='line_1_48' title="bbox 137 2330 814 2372; baseline 0.001 -10"><span class='ocrx_word' id='word_1_342' title='bbox 137 2330 293 2372; x_wconf 83' lang='lat' dir='ltr'>Meinung</span> <span class='ocrx_word' id='word_1_343' title='bbox 307 2331 406 2372; x_wconf 84' lang='lat' dir='ltr'>gieng</span> <span class='ocrx_word' id='word_1_344' title='bbox 420 2331 529 2371; x_wconf 82' lang='lat' dir='ltr'>dahiu,</span> <span class='ocrx_word' id='word_1_345' title='bbox 559 2332 633 2363; x_wconf 86' lang='lat' dir='ltr'>dass</span> <span class='ocrx_word' id='word_1_346' title='bbox 647 2350 690 2355; x_wconf 81' lang='lat'><strong>—</strong></span> <span class='ocrx_word' id='word_1_347' title='bbox 703 2331 814 2370; x_wconf 87' lang='lat' dir='ltr'>sollte,</span> 
     </span>
     <span class='ocr_line' id='line_1_49' title="bbox 138 2377 812 2418; baseline 0.001 -9"><span class='ocrx_word' id='word_1_348' title='bbox 138 2379 168 2415; x_wconf 93' lang='lat'>7,</span> <span class='ocrx_word' id='word_1_349' title='bbox 215 2378 268 2415; x_wconf 87' lang='grc'>36,</span> <span class='ocrx_word' id='word_1_350' title='bbox 315 2379 357 2416; x_wconf 78' lang='grc'>9,</span> <span class='ocrx_word' id='word_1_351' title='bbox 393 2378 445 2417; x_wconf 81' lang='grc'>38,</span> <span class='ocrx_word' id='word_1_352' title='bbox 485 2378 537 2417; x_wconf 85' lang='grc'>31,</span> <span class='ocrx_word' id='word_1_353' title='bbox 582 2379 610 2417; x_wconf 94' lang='grc'>1,</span> <span class='ocrx_word' id='word_1_354' title='bbox 646 2377 713 2418; x_wconf 78' lang='lat' dir='ltr'>vgl.</span> <span class='ocrx_word' id='word_1_355' title='bbox 756 2379 812 2417; x_wconf 87' lang='lat'>26,</span> 
     </span>
     <span class='ocr_line' id='line_1_50' title="bbox 134 2421 812 2464; baseline -0.001 -9"><span class='ocrx_word' id='word_1_356' title='bbox 134 2424 168 2461; x_wconf 89' lang='grc'>4,</span> <span class='ocrx_word' id='word_1_357' title='bbox 190 2424 248 2464; x_wconf 86' lang='grc'>10,</span> <span class='ocrx_word' id='word_1_358' title='bbox 272 2421 332 2453; x_wconf 88' lang='lat' dir='ltr'>mit</span> <span class='ocrx_word' id='word_1_359' title='bbox 355 2428 390 2454; x_wconf 78' lang='lat' dir='ltr'>ut</span> <span class='ocrx_word' id='word_1_360' title='bbox 415 2423 446 2462; x_wconf 88' lang='lat'>3,</span> <span class='ocrx_word' id='word_1_361' title='bbox 465 2424 520 2461; x_wconf 80' lang='grc'>44,</span> <span class='ocrx_word' id='word_1_362' title='bbox 549 2425 567 2456; x_wconf 86' lang='grc'>8</span> <span class='ocrx_word' id='word_1_363' title='bbox 591 2432 680 2463; x_wconf 85' lang='grc'><strong>11.11.,</strong></span> <span class='ocrx_word' id='word_1_364' title='bbox 707 2422 812 2455; x_wconf 86' lang='lat' dir='ltr'>selten</span> 
     </span>
     <span class='ocr_line' id='line_1_51' title="bbox 135 2467 808 2510; baseline 0.003 -12"><span class='ocrx_word' id='word_1_365' title='bbox 135 2469 180 2498; x_wconf 87' lang='lat' dir='ltr'>ad</span> <span class='ocrx_word' id='word_1_366' title='bbox 201 2467 261 2499; x_wconf 86' lang='lat' dir='ltr'>mit</span> <span class='ocrx_word' id='word_1_367' title='bbox 286 2468 357 2500; x_wconf 88' lang='lat' dir='ltr'>dem</span> <span class='ocrx_word' id='word_1_368' title='bbox 382 2467 627 2510; x_wconf 79' lang='lat' dir='ltr'>Gerundivum;</span> <span class='ocrx_word' id='word_1_369' title='bbox 656 2467 721 2500; x_wconf 88' lang='lat' dir='ltr'>Cic.</span> <span class='ocrx_word' id='word_1_370' title='bbox 738 2467 808 2500; x_wconf 78' lang='lat' dir='ltr'>Att,</span> 
     </span>
    </p>
   </div>
   <div class='ocr_carea' id='block_1_9' title="bbox 880 1242 1569 2511">
    <p class='ocr_par' dir='ltr' id='par_1_10' title="bbox 880 1242 1569 2511">
     <span class='ocr_line' id='line_1_52' title="bbox 890 1242 1568 1285; baseline -0.001 -9"><span class='ocrx_word' id='word_1_371' title='bbox 890 1245 921 1283; x_wconf 89' lang='grc'>9,</span> <span class='ocrx_word' id='word_1_372' title='bbox 952 1245 989 1276; x_wconf 92' lang='grc'>11</span> <span class='ocrx_word' id='word_1_373' title='bbox 1012 1243 1050 1274; x_wconf 93' lang='lat' dir='ltr'>A.</span> <span class='ocrx_word' id='word_1_374' title='bbox 1070 1244 1110 1285; x_wconf 85' lang='grc'>2,</span> <span class='ocrx_word' id='word_1_375' title='bbox 1128 1253 1174 1284; x_wconf 86' lang='lat' dir='ltr'>pr.</span> <span class='ocrx_word' id='word_1_376' title='bbox 1193 1242 1276 1273; x_wconf 87' lang='lat' dir='ltr'>dom.</span> <span class='ocrx_word' id='word_1_377' title='bbox 1299 1244 1350 1282; x_wconf 88' lang='lat'>12,</span> <span class='ocrx_word' id='word_1_378' title='bbox 1366 1243 1428 1283; x_wconf 83' lang='grc'>30,</span> <span class='ocrx_word' id='word_1_379' title='bbox 1448 1243 1568 1275; x_wconf 85' lang='grc'><strong>1111(161“5</strong></span> 
     </span>
     <span class='ocr_line' id='line_1_53' title="bbox 888 1288 1569 1327; baseline 0.001 -8"><span class='ocrx_word' id='word_1_380' title='bbox 888 1288 934 1319; x_wconf 86' lang='lat' dir='ltr'>ist</span> <span class='ocrx_word' id='word_1_381' title='bbox 958 1288 993 1319; x_wconf 93' lang='lat' dir='ltr'>L.</span> <span class='ocrx_word' id='word_1_382' title='bbox 1019 1290 1050 1325; x_wconf 91' lang='lat'>2,</span> <span class='ocrx_word' id='word_1_383' title='bbox 1078 1290 1131 1327; x_wconf 77' lang='grc'>48,</span> <span class='ocrx_word' id='word_1_384' title='bbox 1162 1290 1198 1321; x_wconf 77' lang='lat' dir='ltr'>S:</span> <span class='ocrx_word' id='word_1_385' title='bbox 1225 1294 1365 1320; x_wconf 66' lang='lat' dir='ltr'>(auctores</span> <span class='ocrx_word' id='word_1_386' title='bbox 1389 1299 1498 1320; x_wconf 74' lang='lat' dir='ltr'>smnus</span> <span class='ocrx_word' id='word_1_387' title='bbox 1518 1295 1569 1320; x_wconf 71' lang='lat' dir='ltr'>tu-</span> 
     </span>
     <span class='ocr_line' id='line_1_54' title="bbox 888 1332 1568 1374; baseline 0 -9"><span class='ocrx_word' id='word_1_388' title='bbox 888 1340 952 1366; x_wconf 76' lang='lat' dir='ltr'>tam</span> <span class='ocrx_word' id='word_1_389' title='bbox 971 1352 1015 1356; x_wconf 97' lang='lat'>—</span> <span class='ocrx_word' id='word_1_390' title='bbox 1035 1335 1223 1366; x_wconf 67' lang='lat' dir='ltr'>maiestatem</span> <span class='ocrx_word' id='word_1_391' title='bbox 1241 1334 1329 1374; x_wconf 75' lang='lat' dir='ltr'>fore,</span> <span class='ocrx_word' id='word_1_392' title='bbox 1354 1332 1418 1364; x_wconf 85' lang='lat' dir='ltr'>wir</span> <span class='ocrx_word' id='word_1_393' title='bbox 1441 1333 1568 1374; x_wconf 75' lang='lat' dir='ltr'>biirgen</span> 
     </span>
     <span class='ocr_line' id='line_1_55' title="bbox 889 1378 1569 1418; baseline 0.001 -8"><span class='ocrx_word' id='word_1_394' title='bbox 889 1378 996 1410; x_wconf 83' lang='lat' dir='ltr'>dafiir.</span> <span class='ocrx_word' id='word_1_395' title='bbox 1029 1396 1066 1400; x_wconf 82' lang='lat'>-——</span> <span class='ocrx_word' id='word_1_396' title='bbox 1103 1380 1257 1418; x_wconf 60' lang='lat' dir='ltr'>princip„</span> <span class='ocrx_word' id='word_1_397' title='bbox 1295 1378 1347 1410; x_wconf 89' lang='grc'><strong>(116</strong></span> <span class='ocrx_word' id='word_1_398' title='bbox 1372 1383 1483 1410; x_wconf 85' lang='lat' dir='ltr'>zuerst</span> <span class='ocrx_word' id='word_1_399' title='bbox 1509 1379 1569 1411; x_wconf 87' lang='lat' dir='ltr'>das</span> 
     </span>
     <span class='ocr_line' id='line_1_56' title="bbox 888 1422 1567 1465; baseline 0.001 -10"><span class='ocrx_word' id='word_1_400' title='bbox 888 1424 993 1456; x_wconf 46' lang='lat' dir='ltr'>&amp;Vort</span> <span class='ocrx_word' id='word_1_401' title='bbox 1017 1422 1193 1465; x_wconf 80' lang='lat' dir='ltr'>ergreifen,</span> <span class='ocrx_word' id='word_1_402' title='bbox 1222 1423 1399 1455; x_wconf 85' lang='lat' dir='ltr'>besonders</span> <span class='ocrx_word' id='word_1_403' title='bbox 1422 1423 1474 1456; x_wconf 85' lang='lat' dir='ltr'>die</span> <span class='ocrx_word' id='word_1_404' title='bbox 1499 1424 1567 1456; x_wconf 84' lang='lat' dir='ltr'>Da-</span> 
     </span>
     <span class='ocr_line' id='line_1_57' title="bbox 888 1469 1566 1511; baseline 0.003 -11"><span class='ocrx_word' id='word_1_405' title='bbox 888 1469 1055 1511; x_wconf 83' lang='lat' dir='ltr'>miurgen,</span> <span class='ocrx_word' id='word_1_406' title='bbox 1092 1471 1154 1510; x_wconf 90' lang='lat'>32,</span> <span class='ocrx_word' id='word_1_407' title='bbox 1190 1471 1252 1509; x_wconf 89' lang='grc'>21,</span> <span class='ocrx_word' id='word_1_408' title='bbox 1293 1471 1330 1511; x_wconf 88' lang='grc'>1,</span> <span class='ocrx_word' id='word_1_409' title='bbox 1364 1469 1408 1501; x_wconf 91' lang='lat' dir='ltr'>ib.</span> <span class='ocrx_word' id='word_1_410' title='bbox 1435 1471 1497 1509; x_wconf 89' lang='lat'>22,</span> <span class='ocrx_word' id='word_1_411' title='bbox 1524 1472 1566 1510; x_wconf 86' lang='lat'>2;</span> 
     </span>
     <span class='ocr_line' id='line_1_58' title="bbox 888 1517 1566 1555; baseline -0.003 -6"><span class='ocrx_word' id='word_1_412' title='bbox 888 1517 951 1555; x_wconf 73' lang='lat'>41,</span> <span class='ocrx_word' id='word_1_413' title='bbox 991 1517 1054 1555; x_wconf 83' lang='lat'>24,</span> <span class='ocrx_word' id='word_1_414' title='bbox 1084 1517 1132 1548; x_wconf 89' lang='lat'>19.</span> <span class='ocrx_word' id='word_1_415' title='bbox 1170 1533 1212 1538; x_wconf 90' lang='lat'>-—</span> <span class='ocrx_word' id='word_1_416' title='bbox 1246 1517 1280 1546; x_wconf 78' lang='lat' dir='ltr'>in</span> <span class='ocrx_word' id='word_1_417' title='bbox 1304 1521 1380 1547; x_wconf 76' lang='lat' dir='ltr'>sent.</span> <span class='ocrx_word' id='word_1_418' title='bbox 1403 1525 1505 1554; x_wconf 71' lang='lat' dir='ltr'>perm.</span> <span class='ocrx_word' id='word_1_419' title='bbox 1534 1527 1566 1547; x_wconf 90' lang='lat' dir='ltr'>n.</span> 
     </span>
     <span class='ocr_line' id='line_1_59' title="bbox 887 1562 1567 1600; baseline 0 -7"><span class='ocrx_word' id='word_1_420' title='bbox 887 1563 1036 1600; x_wconf 69' lang='lat' dir='ltr'>extemplo</span> <span class='ocrx_word' id='word_1_421' title='bbox 1081 1562 1193 1592; x_wconf 79' lang='lat' dir='ltr'>bellum</span> <span class='ocrx_word' id='word_1_422' title='bbox 1228 1571 1291 1592; x_wconf 78' lang='lat' dir='ltr'>esse</span> <span class='ocrx_word' id='word_1_423' title='bbox 1324 1562 1567 1600; x_wconf 73' lang='lat' dir='ltr'>capessendum,-</span> 
     </span>
     <span class='ocr_line' id='line_1_60' title="bbox 888 1604 1567 1638; baseline 0.003 -2"><span class='ocrx_word' id='word_1_424' title='bbox 888 1606 945 1637; x_wconf 85' lang='grc'><strong>(161·</strong></span> <span class='ocrx_word' id='word_1_425' title='bbox 972 1604 1062 1637; x_wconf 80' lang='lat' dir='ltr'>ssrief</span> <span class='ocrx_word' id='word_1_426' title='bbox 1083 1606 1213 1637; x_wconf 81' lang='lat' dir='ltr'>scheiut</span> <span class='ocrx_word' id='word_1_427' title='bbox 1236 1609 1306 1637; x_wconf 83' lang='lat' dir='ltr'>erst</span> <span class='ocrx_word' id='word_1_428' title='bbox 1331 1606 1490 1637; x_wconf 69' lang='lat' dir='ltr'>w&#39;tihrend</span> <span class='ocrx_word' id='word_1_429' title='bbox 1509 1607 1567 1638; x_wconf 90' lang='lat' dir='ltr'>der</span> 
     </span>
     <span class='ocr_line' id='line_1_61' title="bbox 886 1650 1566 1692; baseline 0 -10"><span class='ocrx_word' id='word_1_430' title='bbox 886 1651 1075 1691; x_wconf 78' lang='lat' dir='ltr'>Berathung</span> <span class='ocrx_word' id='word_1_431' title='bbox 1111 1651 1290 1692; x_wconf 79' lang='lat' dir='ltr'>angelangt</span> <span class='ocrx_word' id='word_1_432' title='bbox 1329 1661 1369 1682; x_wconf 92' lang='lat' dir='ltr'>zu</span> <span class='ocrx_word' id='word_1_433' title='bbox 1404 1650 1485 1682; x_wconf 88' lang='lat' dir='ltr'>sein.</span> <span class='ocrx_word' id='word_1_434' title='bbox 1521 1669 1566 1674; x_wconf 91' lang='lat'>—</span> 
     </span>
     <span class='ocr_line' id='line_1_62' title="bbox 885 1696 1562 1737; baseline 0 -9"><span class='ocrx_word' id='word_1_435' title='bbox 885 1702 1005 1728; x_wconf 73' lang='lat' dir='ltr'>sentent</span> <span class='ocrx_word' id='word_1_436' title='bbox 1031 1707 1114 1737; x_wconf 53' lang='lat' dir='ltr'>exp„</span> <span class='ocrx_word' id='word_1_437' title='bbox 1139 1706 1173 1727; x_wconf 97' lang='grc'>65</span> <span class='ocrx_word' id='word_1_438' title='bbox 1191 1697 1271 1737; x_wconf 81' lang='lat' dir='ltr'>geht</span> <span class='ocrx_word' id='word_1_439' title='bbox 1289 1696 1408 1728; x_wconf 86' lang='lat' dir='ltr'>daraus</span> <span class='ocrx_word' id='word_1_440' title='bbox 1427 1696 1562 1737; x_wconf 83' lang='lat' dir='ltr'>hervor,</span> 
     </span>
     <span class='ocr_line' id='line_1_63' title="bbox 886 1741 1567 1782; baseline 0 -9"><span class='ocrx_word' id='word_1_441' title='bbox 886 1742 961 1773; x_wconf 86' lang='lat' dir='ltr'>dass</span> <span class='ocrx_word' id='word_1_442' title='bbox 988 1752 1022 1773; x_wconf 89' lang='lat' dir='ltr'>es</span> <span class='ocrx_word' id='word_1_443' title='bbox 1052 1741 1123 1772; x_wconf 88' lang='lat' dir='ltr'>dem</span> <span class='ocrx_word' id='word_1_444' title='bbox 1141 1741 1319 1782; x_wconf 83' lang='lat' dir='ltr'>Strategen</span> <span class='ocrx_word' id='word_1_445' title='bbox 1343 1741 1475 1773; x_wconf 81' lang='lat' dir='ltr'>erlaubt</span> <span class='ocrx_word' id='word_1_446' title='bbox 1491 1752 1567 1774; x_wconf 82' lang='lat' dir='ltr'>war</span> 
     </span>
     <span class='ocr_line' id='line_1_64' title="bbox 884 1785 1564 1828; baseline 0.001 -9"><span class='ocrx_word' id='word_1_447' title='bbox 884 1787 974 1819; x_wconf 87' lang='lat' dir='ltr'>seine</span> <span class='ocrx_word' id='word_1_448' title='bbox 992 1786 1133 1818; x_wconf 82' lang='lat' dir='ltr'>Ansieht</span> <span class='ocrx_word' id='word_1_449' title='bbox 1160 1787 1241 1818; x_wconf 87' lang='lat' dir='ltr'>iiber</span> <span class='ocrx_word' id='word_1_450' title='bbox 1266 1787 1328 1818; x_wconf 85' lang='lat' dir='ltr'>den</span> <span class='ocrx_word' id='word_1_451' title='bbox 1351 1785 1456 1828; x_wconf 80' lang='lat' dir='ltr'>Rrieg</span> <span class='ocrx_word' id='word_1_452' title='bbox 1487 1798 1564 1820; x_wconf 86' lang='lat' dir='ltr'>aus-</span> 
     </span>
     <span class='ocr_line' id='line_1_65' title="bbox 885 1832 1564 1875; baseline 0.003 -12"><span class='ocrx_word' id='word_1_453' title='bbox 885 1833 1098 1875; x_wconf 83' lang='lat' dir='ltr'>zusprecheu,</span> <span class='ocrx_word' id='word_1_454' title='bbox 1127 1832 1194 1873; x_wconf 81' lang='lat' dir='ltr'>vgl.</span> <span class='ocrx_word' id='word_1_455' title='bbox 1221 1834 1274 1872; x_wconf 90' lang='lat'>32,</span> <span class='ocrx_word' id='word_1_456' title='bbox 1294 1834 1348 1872; x_wconf 88' lang='grc'>22,</span> <span class='ocrx_word' id='word_1_457' title='bbox 1381 1833 1419 1875; x_wconf 89' lang='grc'>3,</span> <span class='ocrx_word' id='word_1_458' title='bbox 1446 1832 1488 1864; x_wconf 91' lang='lat' dir='ltr'>ib.</span> <span class='ocrx_word' id='word_1_459' title='bbox 1507 1835 1564 1874; x_wconf 90' lang='lat'>21,</span> 
     </span>
     <span class='ocr_line' id='line_1_66' title="bbox 887 1858 1565 1929; baseline 0.002 -18"><span class='ocrx_word' id='word_1_460' title='bbox 887 1880 925 1918; x_wconf 77' lang='grc'>3,</span> <span class='ocrx_word' id='word_1_461' title='bbox 962 1879 1015 1918; x_wconf 90' lang='grc'>38,</span> <span class='ocrx_word' id='word_1_462' title='bbox 1055 1879 1109 1918; x_wconf 85' lang='grc'>31,</span> <span class='ocrx_word' id='word_1_463' title='bbox 1146 1880 1186 1919; x_wconf 88' lang='grc'>2,</span> <span class='ocrx_word' id='word_1_464' title='bbox 1222 1877 1338 1929; x_wconf 73' lang='lat' dir='ltr'>Polyb.</span> <span class='ocrx_word' id='word_1_465' title='bbox 1375 1858 1429 1917; x_wconf 87' lang='grc'>28,</span> <span class='ocrx_word' id='word_1_466' title='bbox 1466 1880 1497 1918; x_wconf 94' lang='lat'>7,</span> <span class='ocrx_word' id='word_1_467' title='bbox 1525 1880 1565 1912; x_wconf 85' lang='lat'>6:</span> 
     </span>
     <span class='ocr_line' id='line_1_67' title="bbox 883 1920 1563 1975; baseline 0 -19"><span class='ocrx_word' id='word_1_468' title='bbox 883 1924 1001 1957; x_wconf 71' lang='grc' dir='ltr'><em>ἐκάλει</em></span> <span class='ocrx_word' id='word_1_469' title='bbox 1014 1921 1058 1955; x_wconf 81' lang='grc' dir='ltr'>τὰ</span> <span class='ocrx_word' id='word_1_470' title='bbox 1073 1920 1278 1975; x_wconf 74' lang='grc' dir='ltr'>πράγματα</span> <span class='ocrx_word' id='word_1_471' title='bbox 1296 1920 1361 1963; x_wconf 78' lang='grc' dir='ltr'>τὴν</span> <span class='ocrx_word' id='word_1_472' title='bbox 1377 1923 1440 1955; x_wconf 75' lang='grc' dir='ltr'>τοῦ</span> <span class='ocrx_word' id='word_1_473' title='bbox 1455 1931 1563 1966; x_wconf 79' lang='grc' dir='ltr'><em>στρα-</em></span> 
     </span>
     <span class='ocr_line' id='line_1_68' title="bbox 884 1964 1565 2012; baseline -0.001 -11"><span class='ocrx_word' id='word_1_474' title='bbox 884 1970 999 2012; x_wconf 82' lang='grc' dir='ltr'><em>τηγοῦ</em></span> <span class='ocrx_word' id='word_1_475' title='bbox 1025 1964 1187 2012; x_wconf 60' lang='lat' dir='ltr'>yvaipcm.</span> <span class='ocrx_word' id='word_1_476' title='bbox 1208 1975 1409 2008; x_wconf 69' lang='lat' dir='ltr'>—poaetm</span> <span class='ocrx_word' id='word_1_477' title='bbox 1436 1978 1473 2000; x_wconf 90' lang='lat' dir='ltr'>er</span> <span class='ocrx_word' id='word_1_478' title='bbox 1490 1979 1565 2000; x_wconf 78' lang='lat' dir='ltr'>war</span> 
     </span>
     <span class='ocr_line' id='line_1_69' title="bbox 884 2013 1564 2054; baseline -0.001 -9"><span class='ocrx_word' id='word_1_479' title='bbox 884 2015 1003 2046; x_wconf 83' lang='lat' dir='ltr'>sochen</span> <span class='ocrx_word' id='word_1_480' title='bbox 1030 2024 1088 2046; x_wconf 89' lang='lat' dir='ltr'>aus</span> <span class='ocrx_word' id='word_1_481' title='bbox 1102 2013 1218 2053; x_wconf 62' lang='grc'><strong>1116111,</strong></span> <span class='ocrx_word' id='word_1_482' title='bbox 1245 2024 1271 2045; x_wconf 89' lang='lat' dir='ltr'>c.</span> <span class='ocrx_word' id='word_1_483' title='bbox 1286 2015 1341 2054; x_wconf 88' lang='grc'>26,</span> <span class='ocrx_word' id='word_1_484' title='bbox 1369 2016 1400 2054; x_wconf 92' lang='grc'>4,</span> <span class='ocrx_word' id='word_1_485' title='bbox 1422 2014 1564 2045; x_wconf 84' lang='lat' dir='ltr'>zuriick-</span> 
     </span>
     <span class='ocr_line' id='line_1_70' title="bbox 885 2058 1563 2101; baseline -0.001 -10"><span class='ocrx_word' id='word_1_486' title='bbox 885 2060 1075 2101; x_wconf 87' lang='lat' dir='ltr'>gekommen</span> <span class='ocrx_word' id='word_1_487' title='bbox 1107 2060 1171 2091; x_wconf 85' lang='lat' dir='ltr'>und</span> <span class='ocrx_word' id='word_1_488' title='bbox 1200 2058 1288 2099; x_wconf 82' lang='lat' dir='ltr'>jetzt</span> <span class='ocrx_word' id='word_1_489' title='bbox 1313 2069 1385 2091; x_wconf 89' lang='lat' dir='ltr'>zum</span> <span class='ocrx_word' id='word_1_490' title='bbox 1411 2059 1563 2092; x_wconf 87' lang='lat' dir='ltr'>vierten-</span> 
     </span>
     <span class='ocr_line' id='line_1_71' title="bbox 883 2104 1563 2148; baseline 0 -12"><span class='ocrx_word' id='word_1_491' title='bbox 883 2105 968 2137; x_wconf 84' lang='lat' dir='ltr'>male</span> <span class='ocrx_word' id='word_1_492' title='bbox 993 2104 1148 2148; x_wconf 76' lang='lat' dir='ltr'>Strateg3</span> <span class='ocrx_word' id='word_1_493' title='bbox 1183 2104 1270 2136; x_wconf 86' lang='lat' dir='ltr'>Plnt.</span> <span class='ocrx_word' id='word_1_494' title='bbox 1296 2115 1322 2136; x_wconf 88' lang='lat' dir='ltr'>c.</span> <span class='ocrx_word' id='word_1_495' title='bbox 1352 2106 1411 2147; x_wconf 83' lang='grc'>14,</span> <span class='ocrx_word' id='word_1_496' title='bbox 1443 2104 1563 2136; x_wconf 87' lang='lat' dir='ltr'>Hertz-</span> 
     </span>
     <span class='ocr_line' id='line_1_72' title="bbox 884 2151 1561 2192; baseline 0 -10"><span class='ocrx_word' id='word_1_497' title='bbox 884 2151 976 2191; x_wconf 83' lang='lat' dir='ltr'>berg,</span> <span class='ocrx_word' id='word_1_498' title='bbox 1006 2152 1033 2191; x_wconf 88' lang='grc'>1,</span> <span class='ocrx_word' id='word_1_499' title='bbox 1063 2152 1137 2184; x_wconf 92' lang='grc'><strong>113.</strong></span> <span class='ocrx_word' id='word_1_500' title='bbox 1163 2152 1329 2192; x_wconf 55' lang='lat' dir='ltr'>—praesl</span> <span class='ocrx_word' id='word_1_501' title='bbox 1361 2151 1414 2190; x_wconf 87' lang='lat'>34,</span> <span class='ocrx_word' id='word_1_502' title='bbox 1441 2151 1495 2190; x_wconf 90' lang='lat'>27,</span> <span class='ocrx_word' id='word_1_503' title='bbox 1522 2152 1561 2191; x_wconf 86' lang='lat'>63</span> 
     </span>
     <span class='ocr_line' id='line_1_73' title="bbox 883 2195 1562 2237; baseline -0.004 -8"><span class='ocrx_word' id='word_1_504' title='bbox 883 2197 935 2237; x_wconf 92' lang='lat'>33,</span> <span class='ocrx_word' id='word_1_505' title='bbox 978 2197 1029 2236; x_wconf 91' lang='grc'>12,</span> <span class='ocrx_word' id='word_1_506' title='bbox 1066 2197 1095 2229; x_wconf 90' lang='lat'>3.</span> <span class='ocrx_word' id='word_1_507' title='bbox 1129 2215 1169 2219; x_wconf 97' lang='lat'><strong>—</strong></span> <span class='ocrx_word' id='word_1_508' title='bbox 1201 2196 1322 2234; x_wconf 56' lang='lat' dir='ltr'>Aetol„</span> <span class='ocrx_word' id='word_1_509' title='bbox 1359 2195 1393 2226; x_wconf 90' lang='lat' dir='ltr'>in</span> <span class='ocrx_word' id='word_1_510' title='bbox 1417 2195 1562 2227; x_wconf 86' lang='lat' dir='ltr'>anderen</span> 
     </span>
     <span class='ocr_line' id='line_1_74' title="bbox 881 2239 1560 2283; baseline -0.003 -10"><span class='ocrx_word' id='word_1_511' title='bbox 881 2240 1188 2283; x_wconf 78' lang='lat' dir='ltr'>Angelegenheiten</span> <span class='ocrx_word' id='word_1_512' title='bbox 1237 2239 1346 2272; x_wconf 83' lang='lat' dir='ltr'>durfte</span> <span class='ocrx_word' id='word_1_513' title='bbox 1389 2250 1425 2272; x_wconf 88' lang='lat' dir='ltr'>er</span> <span class='ocrx_word' id='word_1_514' title='bbox 1467 2239 1560 2272; x_wconf 79' lang='lat' dir='ltr'>scine</span> 
     </span>
     <span class='ocr_line' id='line_1_75' title="bbox 881 2285 1561 2328; baseline -0.004 -9"><span class='ocrx_word' id='word_1_515' title='bbox 881 2286 1038 2328; x_wconf 82' lang='lat' dir='ltr'>Meinung</span> <span class='ocrx_word' id='word_1_516' title='bbox 1068 2297 1179 2328; x_wconf 85' lang='lat' dir='ltr'>sagen,</span> <span class='ocrx_word' id='word_1_517' title='bbox 1207 2297 1232 2318; x_wconf 92' lang='grc'>5.</span> <span class='ocrx_word' id='word_1_518' title='bbox 1251 2286 1480 2326; x_wconf 78' lang='grc' dir='ltr'><strong>Β1·1111(15ῐ”11ῒ61·,</strong></span> <span class='ocrx_word' id='word_1_519' title='bbox 1506 2285 1561 2317; x_wconf 82' lang='lat' dir='ltr'>die</span> 
     </span>
     <span class='ocr_line' id='line_1_76' title="bbox 882 2331 1561 2364; baseline -0.003 0"><span class='ocrx_word' id='word_1_520' title='bbox 882 2331 1000 2364; x_wconf 87' lang='lat' dir='ltr'>Gesch.</span> <span class='ocrx_word' id='word_1_521' title='bbox 1035 2332 1091 2364; x_wconf 89' lang='lat' dir='ltr'>des</span> <span class='ocrx_word' id='word_1_522' title='bbox 1127 2332 1207 2364; x_wconf 62' lang='lat' dir='ltr'>titol.</span> <span class='ocrx_word' id='word_1_523' title='bbox 1249 2331 1376 2363; x_wconf 86' lang='lat' dir='ltr'>Bundes</span> <span class='ocrx_word' id='word_1_524' title='bbox 1411 2332 1487 2364; x_wconf 88' lang='lat'>310.</span> <span class='ocrx_word' id='word_1_525' title='bbox 1516 2348 1561 2354; x_wconf 91' lang='lat'>—-</span> 
     </span>
     <span class='ocr_line' id='line_1_77' title="bbox 880 2375 1562 2417; baseline -0.003 -8"><span class='ocrx_word' id='word_1_526' title='bbox 880 2384 1064 2417; x_wconf 66' lang='lat' dir='ltr'>exsecatur„</span> <span class='ocrx_word' id='word_1_527' title='bbox 1103 2378 1210 2409; x_wconf 87' lang='lat' dir='ltr'>dieses</span> <span class='ocrx_word' id='word_1_528' title='bbox 1247 2377 1303 2417; x_wconf 80' lang='lat' dir='ltr'>lag</span> <span class='ocrx_word' id='word_1_529' title='bbox 1336 2376 1408 2408; x_wconf 86' lang='lat' dir='ltr'>dem</span> <span class='ocrx_word' id='word_1_530' title='bbox 1436 2375 1562 2408; x_wconf 75' lang='lat' dir='ltr'>Pr&#39;ator</span> 
     </span>
     <span class='ocr_line' id='line_1_78' title="bbox 880 2421 1562 2455; baseline -0.001 -1"><span class='ocrx_word' id='word_1_531' title='bbox 880 2423 929 2455; x_wconf 85' lang='lat' dir='ltr'>als</span> <span class='ocrx_word' id='word_1_532' title='bbox 963 2424 1022 2455; x_wconf 83' lang='lat' dir='ltr'>der</span> <span class='ocrx_word' id='word_1_533' title='bbox 1055 2422 1367 2455; x_wconf 74' lang='lat' dir='ltr'>Executivbehiirde</span> <span class='ocrx_word' id='word_1_534' title='bbox 1398 2421 1447 2453; x_wconf 92' lang='lat' dir='ltr'>ob.</span> <span class='ocrx_word' id='word_1_535' title='bbox 1495 2433 1562 2454; x_wconf 84' lang='lat' dir='ltr'>mo-</span> 
     </span>
     <span class='ocr_line' id='line_1_79' title="bbox 880 2468 1480 2511; baseline -0.003 -10"><span class='ocrx_word' id='word_1_536' title='bbox 880 2472 978 2502; x_wconf 75' lang='lat' dir='ltr'>menti</span> <span class='ocrx_word' id='word_1_537' title='bbox 1003 2471 1054 2509; x_wconf 83' lang='lat' dir='ltr'>ad,</span> <span class='ocrx_word' id='word_1_538' title='bbox 1082 2470 1135 2509; x_wconf 92' lang='lat'>21,</span> <span class='ocrx_word' id='word_1_539' title='bbox 1162 2471 1194 2509; x_wconf 86' lang='lat'>4,</span> <span class='ocrx_word' id='word_1_540' title='bbox 1222 2469 1262 2511; x_wconf 90' lang='grc'>2,</span> <span class='ocrx_word' id='word_1_541' title='bbox 1289 2469 1345 2508; x_wconf 83' lang='grc'>42,</span> <span class='ocrx_word' id='word_1_542' title='bbox 1371 2468 1426 2507; x_wconf 85' lang='grc'>46,</span> <span class='ocrx_word' id='word_1_543' title='bbox 1451 2468 1480 2500; x_wconf 88' lang='lat'>5.</span> 
     </span>
    </p>
   </div>
  </div>
 </body>
</html>
