1715 2723
116 578 220 626 39,ἰ

189 141 268 179 176

607 137 732 170 LIBER
748 138 891 171 XXXII.
917 137 1010 170 CAP.
1031 138 1084 170 38.
1102 137 1156 170 39.

1440 153 1466 169 a.
1482 153 1508 171 u.
1522 145 1584 171 55⁷.

139 247 158 278 8
184 240 394 291 imperatae
415 240 600 289 ingentes.
642 239 707 290 qui
726 251 807 278 non
836 243 1062 279 cunctanter
1088 238 1307 285 contulere,
1337 239 1419 278 sine
1446 243 1585 279 contu-

186 296 300 335 melia
320 301 359 335 et
378 296 609 335 laceratione
630 308 838 347 corporum
859 296 1025 342 dimissi,
1053 306 1151 345 quos
1173 293 1347 333 occulere
1367 300 1433 334 aut
1462 300 1586 335 retra-

186 352 279 390 here
299 351 442 403 aliquid
461 352 628 402 suspicio
650 352 735 398 fuit,
758 352 798 389 in
819 351 995 390 servilem
1018 351 1180 389 modum
1201 350 1355 389 lacerati
1375 356 1489 402 atque
1518 364 1586 390 ex-

138 417 158 448 9
186 407 290 446 torti.
331 408 511 447 contione
532 409 620 446 inde
641 408 823 446 advocata
848 408 1064 458 rogationes
1092 406 1367 457 promulgavit,
1395 419 1514 446 unam
1541 407 1587 446 (16

186 463 326 502 tabulis
348 464 475 510 novis,
504 463 663 502 alteram
684 463 730 501 de
751 476 841 514 agro
861 463 1006 501 viritim
1027 462 1249 507 dividendo,
1279 462 1372 501 duas
1393 463 1494 502 faces
1515 475 1588 502 no—

186 520 363 558 vantibus
383 532 444 558 res
466 520 513 558 ad
533 520 684 570 plebem
705 519 745 557 in
767 519 970 570 optimates
991 518 1287 557 accendendam.

299 576 512 627 Postquam
540 576 580 614 in
605 580 796 626 potestate
823 574 1051 626 Argivorum
1079 574 1210 612 civitas
1246 578 1343 617 erat,
1380 573 1475 612 nihil
1508 573 1589 612 eius

186 643 341 670 memor
360 636 545 682 tyrannus
560 662 568 677 ,
598 644 618 669 a
640 644 716 682 quo
745 644 830 669 eam
851 631 1043 669 civitatem
1064 635 1103 668 et
1123 630 1162 667 in
1183 642 1298 679 quam
1320 629 1590 668 condicionem

138 695 157 726 2
187 687 407 738 accepisset,
425 688 569 738 legatos
590 687 763 726 Elateam
785 687 831 725 ad
848 686 1073 732 Quinctium
1094 690 1131 724 et
1151 686 1321 724 Attalum
1342 685 1507 736 Aeginae
1527 685 1591 724 hi-

186 743 415 782 bernantem
437 743 565 789 mittit,
588 743 654 793 qui
674 743 897 781 nuntiarent
915 743 1036 793 Argos
1057 742 1097 780 in
1117 746 1307 792 potestate
1328 754 1398 780 sua
1419 753 1520 780 esse:
1543 754 1590 780 6ο

187 799 220 837 si
240 799 386 837 veniret
407 799 609 845 Quinctius
630 799 677 837 ad
698 799 946 849 colloquium,
969 810 1050 836 non
1072 798 1243 835 diffidere
1263 797 1336 836 sibi
1351 797 1480 836 omnia
1502 809 1593 836 cum

140 863 159 894 3
189 866 233 892 eo
262 859 508 893 conventura.
557 854 777 899 Quinctius,
815 858 859 891 ut
886 867 931 891 eo
960 866 1115 904 quoque
1150 853 1339 903 praesidio
1369 853 1592 903 Philippum

188 910 369 955 nudaret,
401 922 489 948 cum
511 909 709 948 adnuisset
729 922 770 948 se
790 913 1015 954 venturum,
1045 909 1164 946 mittit
1192 909 1239 946 ad
1260 908 1452 954 Attalum,
1482 913 1526 947 ut
1546 908 1593 946 ab

138 974 159 1005 4
187 965 329 1016 Aegina
351 965 555 1016 Sicyonem
575 965 646 1003 sibi
668 969 908 1011 occurreret,
938 965 1018 1015 ipse
1045 964 1091 1002 ab
1114 964 1293 1014 Anticyra
1322 964 1456 1003 decem
1477 964 1592 1015 quin-

189 1021 457 1072 queremibus,
489 1033 584 1071 quas
612 1021 656 1059 iis
685 1021 785 1059 forte
812 1020 906 1071 ipsis
929 1020 1063 1059 diebus
1083 1020 1125 1058 L.
1148 1019 1351 1065 Quinctius
1371 1020 1490 1058 frater
1509 1020 1591 1058 eius

142 1086 160 1116 5
188 1077 397 1115 adduxerat
418 1090 465 1115 ex
484 1077 657 1115 hibernis
680 1077 883 1127 Corcyrae,
908 1076 1111 1127 Sicyonem
1132 1076 1311 1114 tramisit.
1352 1076 1429 1114 iam
1449 1076 1503 1114 ibi
1522 1075 1592 1114 At-

188 1132 288 1171 talus
309 1138 411 1179 erat,
434 1133 499 1183 qui
520 1145 608 1171 cum
624 1138 786 1183 tyranno
803 1133 849 1171 ad
866 1133 1086 1171 Romanum
1103 1132 1390 1182 imperatorem,
1412 1143 1491 1171 non
1512 1132 1594 1170 Ro-

189 1200 305 1227 mano
323 1189 370 1227 ad
391 1194 597 1239 tyrannum
621 1189 792 1227 eundum
813 1189 974 1235 diceret,
1006 1188 1045 1225 in
1065 1188 1294 1226 sententiam
1315 1200 1425 1226 suam
1447 1188 1593 1234 Quinc-

142 1253 162 1284 6
189 1244 287 1283 tium
308 1245 495 1291 traduxit,
518 1256 567 1282 ne
588 1245 627 1283 in
646 1245 784 1283 urbem
805 1245 928 1296 ipsam
949 1244 1070 1295 Argos
1092 1244 1175 1282 iret.
1212 1243 1315 1282 haud
1344 1244 1479 1293 procul
1498 1243 1595 1282 urbe

192 1387 284 1416 rare,
314 1377 366 1419 38,
394 1377 444 1417 13,
472 1377 511 1408 13
534 1388 565 1409 11.
589 1388 618 1408 a.
645 1395 689 1401 -—
713 1380 858 1409 contum.

195 1422 226 1453 in
255 1422 364 1462 Bezug
394 1421 453 1453 auf
477 1424 511 1453 ἰη
538 1422 694 1454 εθνυίῖθηι,
724 1422 862 1454 modum

194 1466 252 1508 ξὸ.
268 1486 309 1489 -
324 1468 500 1499 retrahere
513 1481 534 1492 =
546 1468 757 1509 subtrahere,
772 1468 861 1498 nicht

193 1511 402 1553 vollst‘ziudig
423 1511 541 1552 geben,
571 1511 662 1543 Suet.
688 1511 782 1543 Caes.
805 1512 859 1543 41.

194 1574 238 1578 —
255 1559 394 1595 metm-tit,
414 1557 496 1587 iiber
509 1556 560 1587 die
578 1556 769 1588 furchtbare
784 1556 863 1587 Fol-

194 1605 248 1632 ter
270 1601 327 1632 des
352 1601 532 1644 Tyrannen
556 1612 581 1632 s.
606 1601 722 1644 Polyb.
748 1601 804 1641 13,
830 1602 861 1632 7.

195 1664 238 1667 ——-
248 1648 444 1687 rogationes
457 1650 541 1677 statt
559 1646 615 1677 des
629 1647 699 1677 hds.
711 1648 863 1688 rog-atlo-

195 1701 287 1729 uem,
317 1691 358 1721 da
380 1691 435 1721 bei
457 1690 494 1721 L.
519 1695 613 1722 sonst
641 1702 704 1722 vor
732 1702 820 1722 unus
842 1709 865 1713 -

195 1735 283 1767 alter
300 1735 358 1766 der
376 1735 490 1766 Plural
507 1736 610 1776 steht,
636 1746 661 1766 s.
681 1747 707 1766 c.
727 1735 786 1777 39,
807 1736 863 1775 1ος

197 1779 257 1820 34,
280 1779 333 1821 16,
356 1780 390 1818 13
411 1780 454 1811 ib.
475 1780 526 1817 58,
550 1781 583 1817 13
604 1780 640 1820 8,
662 1780 713 1821 12,
735 1781 791 1819 143
811 1780 864 1820 29,

200 1824 252 1864 17,
270 1824 308 1861 33
327 1823 380 1863 38,
399 1824 865 1865 29,1;42‚12,5;45,13,

201 1868 260 1906 143
280 1869 500 1899 verschieden
517 1869 562 1899 ist
580 1868 637 1905 36,
657 1869 687 1907 7,
709 1869 764 1899 ll:
783 1880 865 1909 quae

199 1922 254 1943 res
265 1913 352 1943 mz‘lzz'
365 1913 524 1954 fiduciam
540 1914 701 1956 praebet5
719 1924 787 1944 una
802 1918 864 1945 etc.

199 1975 241 1979 —
256 1957 296 1988 de
314 1958 381 1988 tab.
396 1968 480 1997 nou,
499 1958 552 1996 42,
571 1958 621 1997 13,
636 1958 665 1995 9,
685 1958 865 1989 Schulden-

198 2001 330 2042 tilgung
351 2003 416 2032 und
434 2001 780 2043 L'zindervertheilung
803 2003 866 2033 wie

200 2046 233 2077 in
250 2046 342 2086 Rom,
362 2057 388 2077 s.
409 2046 435 2086 1,
454 2046 507 2087 46,
529 2047 560 2082 13
581 2046 611 2086 2,
629 2047 681 2083 41,
697 2047 715 2077 3
733 2058 763 2078 u.
780 2057 809 2078 a.
824 2065 867 2069 —

200 2092 348 2131 viritim,
373 2101 399 2121 s.
419 2091 457 2130 4,
475 2092 534 2129 48,
554 2091 582 2121 2.
603 2108 644 2113 —
661 2092 775 2131 faces,
799 2092 866 2131 vgl.

203 2135 239 2174 8,
263 2135 321 2177 32,
348 2134 403 2166 16;
435 2134 578 2166 subdere
602 2137 713 2176 igvzem
739 2155 757 2158 —
780 2136 869 2167 sede?-

202 2181 298 2211 tz'om'.
317 2198 356 2202 —
376 2182 509 2210 norant.
528 2190 594 2219 res,
613 2178 715 2211 Nabis
735 2180 867 2219 richtet,

202 2224 265 2255 wie
289 2234 327 2255 er
349 2233 384 2255 es
408 2224 438 2254 in
457 2224 665 2255 Laced'aimon
688 2225 788 2255 sehon
812 2234 869 2265 gc-

204 2269 291 2310 than,
310 2278 334 2298 s.
358 2268 410 2309 34,
429 2268 482 2308 31,
504 2269 537 2299 11
552 2269 596 2307 ff„
615 2269 645 2299 in
659 2268 768 2309 Argos
788 2270 870 2300 nach

202 2313 482 2354 Unterdriickung
505 2314 568 2344 und
586 2313 794 2354 Vcrurmung
810 2314 870 2345 der

205 2358 392 2399 Optimaten
416 2358 487 2389 einc
506 2357 718 2389 Demokratic
743 2359 811 2398 ein,
837 2359 868 2389 in

204 2403 328 2433 welche
354 2404 435 2434 auch
459 2403 511 2433 die
530 2402 779 2434 Schlechtestcn
798 2402 869 2434 auf—

204 2447 744 2523 ge113szjn11Jengvurden,tHeg·tzl‹)ierg
752 2450 805 2526 53,
817 2449 869 2523 7b5.

308 2512 318 2522 .
365 2511 386 2514 —
422 2504 489 2523 .m
530 2502 870 2532 063.,(1551ι1ι-

205 2534 257 2566 dis
285 2546 325 2566 zu
353 2536 482 2568 denken
502 2503 576 2577 gei,
605 2537 692 2577 zeigt
720 2537 779 2568 der
802 2537 869 2569 Zu-

934 1377 1176 1417 sammenhang.
1195 1394 1239 1398 —
1255 1378 1289 1407 in.
1310 1378 1433 1418 potest.
1451 1388 1496 1416 s.,
1521 1376 1597 1408 dass

935 1433 971 1453 er
993 1423 1074 1453 iiber
1097 1421 1136 1452 A.
1162 1432 1203 1452 zu
1225 1419 1402 1461 verfiigen,
1427 1421 1479 1452 die
1504 1420 1600 1452 stadt

934 1467 1016 1498 alles
1046 1466 1151 1497 Recht
1179 1466 1236 1496 der
1269 1465 1600 1506 Selbsthestimmung

934 1512 1093 1543 verlorcn
1109 1510 1209 1551 habe,
1229 1521 1255 1540 S.
1276 1510 1306 1549 8,
1328 1510 1377 1551 19,
1398 1511 1455 1548 12;
1474 1510 1527 1549 42,
1544 1511 1601 1551 47,

939 1556 991 1587 10:
1016 1558 1050 1587 in
1070 1558 1240 1599 potestate
1262 1555 1402 1592 habere,
1428 1555 1463 1596 ὃ,
1485 1555 1542 1595 10,
1560 1555 1600 1594 3;

937 1601 973 1631 31
989 1625 996 1640 ,
1013 1602 1055 1632 45
1067 1625 1074 1638 ,
1093 1602 1128 1631 4:
1151 1610 1233 1631 suae
1253 1601 1435 1641 potestatis
1457 1610 1540 1630 esse.
1557 1616 1602 1623 —-

932 1645 1093 1688 praesz'd„
1102 1644 1126 1677 U
1133 1645 1375 1685 nterstiitzung,
1385 1642 1600 1676 Hiilfsmittel.

937 1690 1016 1721 Erst
1045 1690 1118 1721 hier
1145 1690 1259 1720 deutet
1280 1688 1316 1720 L.
1350 1690 1412 1720 den
1436 1688 1517 1720 Plau
1544 1690 1602 1721 des

938 1735 1112 1775 Quinctius
1152 1744 1208 1775 an,
1248 1733 1329 1765 Phil.
1364 1734 1488 1765 vor-her
1520 1734 1604 1765 aller

938 1780 1231 1820 Bundesgenossen
1250 1790 1289 1809 zu
1312 1778 1495 1818 berauben,
1518 1779 1604 1810 daun

939 1825 992 1855 ihu
1023 1822 1247 1864 anzugreifen.
1287 1823 1398 1854 Durch
1425 1823 1603 1855 denselben

937 1869 1107 1900 bestimnit
1136 1867 1349 1899 entschliesst
1379 1878 1415 1898 er
1446 1868 1518 1899 sich
1544 1868 1605 1899 mit

939 1914 1009 1944 dem
1033 1913 1277 1944 schlcchtesten
1300 1913 1359 1943 der
1376 1911 1555 1954 Tyrannen
1572 1912 1605 1943 in

937 1958 1154 1997 Verbindung
1183 1968 1223 1987 zu
1245 1961 1372 1996 tretcn,
1402 1957 1466 1987 und
1490 1957 1604 1988 wiirde

939 2003 1022 2034 ohne
1036 2002 1169 2033 Attalus
1183 2001 1393 2042 Erinnerung
1406 2001 1511 2033 selbst
1523 2002 1607 2033 nac-h

938 2047 1048 2088 Argos
1079 2056 1248 2087 gegangen
1278 2046 1360 2077 sein.
1390 2064 1433 2068 —
1462 2056 1605 2088 ocmrr„

940 2093 1023 2123 dazu
1047 2092 1164 2132 geho'rt
1186 2092 1267 2132 sibi,
1292 2091 1357 2122 und
1375 2101 1439 2122 von
1457 2092 1529 2123 dem
1545 2091 1607 2121 Be-

941 2136 1038 2177 griffe
1055 2137 1113 2167 der
1130 2136 1316 2176 Bewegung
1331 2136 1435 2177 h'angt
1454 2136 1607 2176 zugleich

940 2180 1117 2223 Sicyonem
1133 2181 1190 2219 ab,
1214 2191 1240 2211 s.
1260 2180 1319 2219 22,
1341 2181 1397 2222 ll,
1414 2180 1444 2211 3.
1462 2198 1506 2203 ——
1522 2182 1607 2223 ipsis

941 2227 1045 2257 durch
1068 2225 1393 2266 Zwisehenstellung
1420 2235 1485 2256 von
1511 2225 1607 2266 forte

942 2271 1023 2301 noch
1047 2270 1208 2311 gehoben,
1232 2270 1298 2310 vgl.
1320 2270 1355 2308 5,
1376 2269 1433 2309 33,
1452 2269 1488 2301 3:
1513 2271 1608 2301 tutor

941 2317 971 2346 is
987 2315 1107 2356 fuerat
1124 2317 1213 2357 ipse3
1232 2315 1351 2345 anders
1371 2314 1406 2355 2,
1429 2314 1478 2354 10,
1499 2315 1533 2345 7:
1550 2323 1608 2345 eos

942 2370 1069 2401 quoque
1087 2362 1188 2402 ipsos.
1212 2377 1256 2381 —
1279 2359 1429 2390 hibernis
1447 2358 1556 2400 Cora,
1579 2368 1607 2390 s.

943 2405 995 2445 23,
1015 2405 1067 2444 32,
1090 2406 1121 2435 1:
1144 2406 1317 2435 mercatus
1339 2402 1451 2435 Teani.
1468 2421 1513 2426 —
1528 2414 1570 2435 ne
1585 2420 1608 2425 -

942 2451 1018 2490 iret,
1036 2449 1069 2480 in
1087 2451 1118 2480 ἰη
1136 2451 1278 2480 sentent.
1308 2466 1330 2470 —
1357 2449 1469 2479 tramit
1486 2448 1532 2479 ist
1549 2448 1608 2479 (161·

942 2494 1069 2534 Begriff
1109 2494 1167 2524 des
1211 2493 1398 2524 Abrathcns
1445 2503 1507 2524 nur
1550 2502 1609 2524 an-

943 2539 1108 2579 gedcutet.
