1715 2723
194 119 274 162 108

612 116 738 150 LIBER
761 116 924 151 XXXVI.
950 115 1042 149 CAP.
1069 118 1120 151 12.
1144 118 1194 151 13.

1458 123 1484 143 a.
1506 123 1535 143 u.
1553 116 1614 144 563.

134 222 173 254 10
193 221 412 260 Leucadem
441 221 548 259 venit
575 219 826 271 implevitque
856 219 938 270 spei
968 219 1094 258 socios
1124 219 1147 258 11
1164 219 1185 257 ’.
1216 219 1382 258 Acilium
1413 220 1614 259 consulem

193 278 270 316 iam
292 289 382 315 cum
400 275 618 327 legionibus
639 288 744 314 mare
763 275 956 314 traiecisse
979 281 1015 315 et
1035 275 1077 314 in
1089 275 1284 314 Thessalia
1306 282 1428 315 castra
1438 276 1615 315 Romana

134 344 173 376 11
194 346 289 372 esse.
338 333 445 371 hunc
474 344 677 372 rumorem
708 331 797 382 quia
826 332 991 371 similem
1021 331 1103 370 veri
1132 337 1284 382 tempus
1306 332 1398 371 anni
1416 338 1615 371 maturum

192 390 269 428 iam
299 389 346 427 ad
377 388 638 439 navigandum
665 387 836 435 faciebat,
866 400 935 427 rex
957 387 1150 439 praesidio
1172 388 1351 427 Medione
1372 388 1555 439 imposito
1579 394 1616 428 et

192 446 234 484 in
266 445 500 495 quibusdam
522 444 603 483 aliis
626 444 863 483 Acarnaniae
892 444 1045 495 oppidis
1077 444 1254 496 Thyrreo
1286 444 1470 484 abscessit
1489 450 1526 484 et.
1544 456 1616 495 per

194 501 364 541 Aetoliae
387 513 431 540 ac
450 500 633 540 Phocidis
655 500 762 539 urbis
783 500 1002 540 Chalcidem
1022 500 1131 539 redit.

119 563 174 602 13

308 557 388 597 Sub
418 557 523 596 idem
553 563 707 608 tempus
736 557 786 596 M.
817 557 982 596 Baebius
1013 562 1050 596 et
1076 556 1279 607 Philippus
1309 569 1390 604 rex,
1421 555 1498 594 iam
1527 561 1616 595 ante

195 626 266 665 per
285 614 455 652 hiemem
474 613 516 652 in
540 613 766 653 Dassaretiis
799 613 1011 664 congressi,
1033 625 1124 652 cum
1143 613 1215 663 Ap.
1235 612 1450 659 Claudium,
1475 617 1519 651 ut
1541 612 1614 651 ob-

154 673 175 704 2
196 670 347 709 sidione
367 670 539 709 Larisam
562 670 758 716 eximeret,
787 670 828 708 in
848 670 1085 709 Thessaliam
1106 669 1313 715 misissent,
1345 668 1434 720 quia
1454 668 1493 707 id
1513 673 1615 707 tem-

194 738 269 777 pus
299 726 418 765 rebus
441 726 620 777 gerendis
638 726 887 765 immaturam
909 732 999 772 erat,
1027 726 1067 764 in
1088 725 1249 764 hiberna
1270 725 1448 776 regressi,
1467 724 1615 776 princi-

156 788 175 820 3
196 783 260 834 pio
280 783 381 821 veris
404 783 620 821 coniunctis
642 783 762 832 copiis
783 782 825 821 in
846 782 1083 821 Thessaliam
1105 781 1403 820 descenderunt.
1432 781 1473 820 in
1494 782 1616 820 Acar-

197 840 310 878 nania
332 844 416 878 tum
433 839 649 877 Antiochus
671 844 762 877 erat.
802 838 1048 877 advenientes
1077 837 1279 888 Philippus
1296 838 1495 876 Malloeam
1516 837 1615 876 Per-

194 895 384 940 rhaebiae,
406 894 571 933 Baebius
582 894 768 932 Phacium
789 900 846 932 est
856 894 1082 945 adgressus3
1105 906 1183 944 quo
1196 894 1322 944 primo
1335 893 1617 944 propeimpetu

154 954 176 987 4
196 958 306 1002 capto
337 951 547 989 Phaestum
579 950 713 989 eadem
745 950 934 989 celeritate
965 950 1076 1001 capit.
1123 949 1214 988 inde
1243 950 1423 1000 Atragem
1455 961 1545 988 cum
1575 961 1617 988 se

195 1007 423 1058 recepisset,
455 1007 624 1057 Cyretias
655 1006 746 1044 hinc
776 1012 813 1045 et
841 1006 1006 1045 Eritium
1035 1012 1210 1057 occupat,
1240 1005 1518 1056 praesidiisque
1546 1018 1617 1056 per

193 1070 349 1114 recepta
380 1063 522 1114 oppida
551 1063 748 1113 dispositis
768 1063 946 1113 Philippo
974 1074 1113 1101 rursus
1143 1062 1335 1101 obsidenti
1356 1062 1556 1101 Malloeam
1575 1074 1617 1101 se

157 1132 175 1162 5
197 1120 408 1171 coniungit.
451 1119 523 1158 sub
555 1120 765 1158 adventum
795 1119 961 1158 Romani
988 1119 1178 1157 exercitus
1208 1131 1277 1157 seu
1302 1118 1349 1157 ad
1379 1124 1527 1157 metum
1556 1118 1615 1157 vi-

195 1176 299 1216 rium
322 1189 391 1215 seu
414 1175 460 1214 ad
481 1188 592 1226 spem
615 1175 749 1214 veniae
771 1187 860 1214 cum
882 1175 1121 1214 dedidissent
1142 1187 1238 1221 sese,
1260 1175 1307 1213 ad
1334 1187 1377 1213 ea
1396 1174 1617 1225 recipienda

156 1245 175 1276 6
197 1233 350 1283 oppida,
372 1244 469 1282 quae
484 1232 717 1270 Athamanes
741 1238 1036 1282 occupaverant,
1060 1243 1139 1269 uno
1162 1231 1315 1282 agmine
1336 1231 1476 1270 ierunt.
1508 1237 1617 1270 erant

194 1295 323 1328 autem
346 1289 460 1327 haec:
481 1288 686 1339 Aeginium
709 1288 922 1326 Ericinium
944 1288 1111 1338 Gomphi
1129 1287 1256 1326 Silana
1278 1287 1411 1326 Tricca
1431 1287 1617 1326 Meliboea

195 1400 236 1431 da
270 1399 412 1440 Atilius,
455 1399 534 1431 weil
566 1399 636 1430 sein
671 1397 872 1440 Nachfolger

194 1445 279 1476 noch
303 1445 394 1476 nicht
422 1445 601 1486 angelangt
626 1444 690 1485 ist,
730 1455 754 1476 s.
787 1455 812 1476 c.
839 1446 870 1486 2,

194 1492 236 1531 6,
263 1490 466 1531 wenigstens
485 1497 679 1530 propraetor
706 1500 868 1531 gewesen,

195 1535 259 1567 wie
296 1535 434 1567 Baebius
464 1545 490 1567 c.
520 1538 558 1575 8,
603 1537 642 1577 63
680 1534 872 1567 Perizonius

195 1581 383 1613 vermuthet
408 1583 537 1622 leqatus.
556 1599 599 1602 —
611 1591 777 1620 praepos.,
812 1591 873 1612 nur

195 1626 478 1667 voriibergehend,
516 1625 609 1657 nicht
633 1625 697 1657 wie
726 1626 779 1657 die
802 1637 872 1658 ma-

191 1675 346 1714 yz'stratecs
391 1672 444 1711 38,
480 1673 532 1711 11,
568 1673 604 1710 53
637 1672 734 1703 Aetz'l.
768 1670 873 1703 heisst

194 1728 221 1749 e.
242 1719 282 1750 20
295 1719 498 1759 praefectu83
512 1716 597 1747 nach
615 1717 670 1754 38,
688 1718 719 1754 9,
742 1718 792 1757 10,
804 1717 872 1757 vgl.

194 1764 248 1803 37,
265 1764 315 1803 13,
331 1764 382 1802 11,
394 1761 670 1804 hatCephallenia
680 1761 751 1793 sich
761 1772 801 1793 zu
810 1762 872 1793 den

193 1808 352 1840 Aetolern
379 1808 547 1848 gehalten.
567 1825 608 1829 —
626 1819 697 1839 eum
721 1810 789 1849 leq„
817 1809 871 1850 35,

198 1855 248 1894 12,
282 1855 331 1886 12.
353 1870 394 1875 —-
418 1860 550 1893 temp.,a.
566 1852 633 1893 vgl.
655 1863 682 1884 c.
702 1854 755 1892 14,
780 1855 807 1886 1.
828 1870 872 1876 —

192 1901 344 1939 Affediooez„
372 1899 425 1937 31,
455 1900 505 1939 18,
535 1899 571 1931 S:
600 1900 743 1937 imposito
760 1900 875 1939 Abydi

186 1946 350 1984 praesidio
360 1957 371 1983 ;
396 1945 450 1983 43,
480 1945 530 1984 19,
561 1946 588 1977 1.
627 1961 673 1965 —
705 1955 765 1983 per
789 1946 874 1984 Aet„

195 1989 252 2021 der
280 1999 306 2020 c.
336 1991 387 2029 11,
417 1992 434 2021 5
460 1988 676 2021 bezeichnete
701 1989 801 2029 11765.

244 2031 309 2070 13.
358 2033 497 2066 Baebius
532 2034 597 2066 und
634 2033 804 2077 Philippus
839 2034 872 2066 in

195 2078 400 2111 Thessalien.
449 2079 568 2111 Zonar.
595 2081 626 2119 9,
658 2081 711 2114 19.

244 2127 340 2158 1—4.
359 2136 421 2164 per
437 2127 528 2158 hiem.
556 2135 583 2158 c.
607 2127 658 2165 10,
691 2127 740 2158 13.
761 2143 804 2147 -—
820 2126 872 2156 Ιιί-

194 2172 302 2211 berna,
331 2170 383 2202 die
410 2170 466 2201 des
491 2169 631 2201 Baebius
659 2170 691 2201 in
717 2171 775 2202 der
804 2169 872 2202 Ge-

194 2216 279 2256 gend
301 2226 364 2247 von
394 2215 591 2257 Apollonia,
622 2217 681 2255 35,
707 2217 760 2249 24.
781 2233 824 2238 —
841 2218 877 2247 in

195 2263 344 2299 Thessal„
371 2260 439 2291 wol
462 2260 587 2292 wieder
614 2261 717 2292 durch
740 2260 873 2302 Tempe,

196 2307 238 2337 da
255 2305 425 2346 Phaloria,
452 2317 479 2338 s.
507 2308 560 2347 32,
585 2307 636 2346 15,
663 2316 699 2337 so
724 2307 797 2348 sp'at
816 2316 873 2347 ge-

196 2361 344 2383 nommen
370 2351 464 2383 wird.
497 2370 541 2374 —
572 2353 758 2391 Perrhaeb„
800 2352 875 2383 dass

196 2407 237 2428 zu
275 2396 397 2429 diesem
420 2397 580 2428 Districte
612 2396 664 2428 die
692 2396 788 2428 stadt
815 2406 874 2437 ge-

194 2442 301 2482 htirte,
327 2443 407 2483 geht
427 2442 546 2474 claraus
574 2443 708 2482 hervor,
736 2442 811 2473 dass
827 2441 874 2473 sie

195 2488 279 2518 nach
306 2498 332 2519 c.
364 2490 415 2527 10,
445 2490 464 2520 5
483 2498 519 2519 so
540 2488 624 2519 nahe
645 2487 699 2518 bei
718 2487 775 2518 der
797 2486 873 2518 Tri-

194 2532 278 2573 polis
297 2533 362 2574 lag,
383 2533 509 2564 welche
524 2532 641 2575 Polyb.
661 2534 716 2573 28,
735 2534 773 2565 13
788 2533 874 2563 auch

941 1410 981 1430 zu
1007 1397 1228 1431 Perrhaebien
1255 1399 1401 1439 rechnet,
1423 1409 1448 1430 s.
1480 1399 1533 1439 39,
1559 1399 1614 1439 25,

943 1446 1002 1487 16;
1025 1446 1061 1477 6:
1089 1446 1126 1477 de
1149 1446 1400 1477 Perrhaeborum
1419 1462 1459 1466 -
1480 1446 1615 1484 oppidis.

941 1508 984 1512 -—
1007 1491 1102 1522 Phae.
1131 1508 1174 1512 —
1200 1492 1337 1530 Emesa,
1364 1500 1404 1521 zu
1422 1490 1475 1530 32,
1508 1490 1559 1529 13,
1586 1490 1616 1523 8.

941 1554 983 1558 —
1009 1537 1137 1577 Atraq„
1164 1535 1270 1567 dieses
1296 1535 1340 1566 ist
1369 1545 1395 1566 c,
1427 1536 1478 1574 10,
1506 1535 1526 1567 2
1551 1533 1617 1566 frei

942 1580 1124 1621 geblieben.
1166 1598 1208 1603 —
1252 1583 1374 1620 Cyrea,
1414 1590 1440 1611 c.
1482 1582 1539 1619 10,
1585 1581 1615 1613 3.

941 1628 1038 1666 Erit„
1063 1625 1096 1656 in
1122 1625 1180 1657 der
1204 1625 1300 1657 Nahe
1328 1626 1383 1657 des
1408 1624 1457 1656 Fl.
1483 1624 1615 1657 Titare-

942 1671 1020 1711 sios,
1046 1670 1184 1702 Bursian
1213 1672 1241 1711 1,
1270 1673 1321 1704 57.

988 1763 1086 1795 5—9.
1106 1763 1163 1793 sub
1180 1763 1264 1801 adv„
1291 1759 1312 1802 ξ
1340 1762 1376 1801 1;
1410 1761 1463 1800 37,
1482 1762 1514 1801 6,
1540 1761 1559 1793 3
1585 1772 1617 1793 u·

943 1817 971 1838 o.
1011 1809 1055 1839 ad
1085 1813 1154 1839 met.
1187 1825 1231 1829 —
1254 1809 1298 1838 ad
1320 1817 1387 1846 sp„
1421 1816 1447 1837 c.
1484 1806 1543 1846 12,
1578 1807 1618 1846 63

942 1853 995 1891 32,
1024 1855 1053 1892 5,
1083 1854 1120 1892 33
1149 1853 1180 1892 3,
1211 1854 1261 1892 11,
1289 1853 1328 1885 10
1353 1863 1383 1883 11.
1409 1861 1437 1883 ο.
1465 1869 1508 1873 -
1537 1862 1617 1893 quae

940 1896 1084 1939 Athana,
1110 1897 1154 1928 im
1173 1897 1315 1929 &Vesten
1328 1896 1549 1937 Thessalicus,
1576 1907 1617 1928 an

942 1943 1001 1975 der
1038 1942 1166 1974 Grenze
1203 1953 1270 1974 von
1306 1941 1535 1973 Athamanien.
1572 1959 1617 1965 —

940 1990 1057 2030 Aegy-in.
1075 1990 1203 2020 Phalor.
1229 1989 1283 2028 32,
1309 1989 1366 2027 15;
1393 1989 1531 2028 Ericin„
1550 1987 1617 2028 vgl.

943 2035 1002 2073 39,
1033 2035 1094 2074 25,
1127 2034 1185 2073 16,
1219 2033 1305 2064 wird
1327 2032 1392 2064 wie
1417 2034 1529 2065 Silana
1558 2043 1619 2064 nur

941 2090 1006 2110 von
1052 2079 1087 2110 L.
1128 2079 1299 2117 erw'ahnt,
1340 2077 1619 2109 wahrscheinlich

941 2124 1040 2165 lagen
1069 2124 1116 2156 sie
1141 2124 1173 2155 in
1197 2124 1254 2155 der
1271 2123 1366 2155 Nahe
1386 2133 1451 2154 von
1472 2125 1616 2163 Gomphi,

943 2172 997 2210 33,
1014 2172 1067 2210 34,
1092 2171 1143 2209 11,
1161 2169 1304 2201 welches
1322 2168 1393 2200 also
1411 2168 1502 2200 nicht
1521 2168 1620 2209 lange

944 2215 977 2246 in
1007 2216 1078 2247 dem
1098 2215 1227 2246 Besitze
1251 2215 1310 2246 der
1328 2213 1536 2246 Athamanen
1560 2223 1619 2255 ge-

944 2260 1074 2293 blieben
1112 2260 1165 2291 ist.
1224 2261 1333 2292 Melib.
1369 2259 1402 2290 in
1443 2259 1500 2290 der
1524 2257 1619 2291 Niihe

944 2316 1010 2337 von
1028 2305 1213 2346 Aeginium,
1243 2316 1268 2337 s.
1287 2307 1341 2345 44,
1371 2305 1431 2347 133
1459 2305 1522 2346 463
1543 2304 1620 2336 dass

944 2351 996 2383 die
1052 2350 1168 2382 St'adte
1226 2359 1415 2391 genommen
1470 2349 1618 2390 wurdeu,

944 2397 1057 2428 deutet
1070 2407 1131 2428 nur
1144 2398 1188 2428 ad
1198 2407 1234 2428 ea
1245 2397 1423 2435 rece-'pianda
1441 2396 1549 2427 ierunt
1565 2405 1619 2436 an,

943 2442 1012 2482 vgl.
1042 2443 1076 2481 1,
1107 2442 1169 2479 33,
1197 2444 1227 2474 5.
1282 2440 1377 2472 Auch
1402 2441 1463 2480 39,
1495 2442 1548 2479 25,
1576 2440 1619 2483 33

944 2488 996 2527 16,
1012 2487 1146 2518 werden
1156 2485 1272 2517 Tricca
1292 2485 1450 2517 Phaloria
1474 2484 1618 2517 Malloea

942 2531 1122 2564 Ericinium
1170 2531 1219 2563 als
1270 2541 1332 2562 von
1381 2529 1463 2562 Phil.
1507 2530 1621 2571 einge-

1707 576 1715 603 ,ξ’

1702 606 1715 633 ’1

1703 640 1715 665 -1

1704 665 1715 710 ἒ

1708 1034 1715 1083 ..Δ-ι.
1704 927 1715 1019 ,11,-’,ἢκᾲ
1702 853 1715 908 ani„
1702 790 1715 826 [ae:
