1715 2723
184 155 266 198 356

614 150 738 183 LIBER
761 149 956 183 XXXVIII.
982 149 1073 182 CAP.
1099 151 1154 186 46.

1441 155 1467 175 a.
1487 155 1514 174 11.
1536 147 1597 175 567.

147 261 166 292 7
186 257 316 308 fugati,
336 255 438 294 exuti
458 253 744 304 impedimentis
764 263 912 291 sumus,
942 251 987 299 Q.
1006 251 1198 290 Minucius
1219 251 1424 299 Thermus,
1446 252 1488 291 in
1518 263 1596 303 quo

187 313 288 352 haud
309 312 422 363 paulo
443 309 528 361 plus
551 309 681 347 damni
701 311 846 347 factum
869 313 936 355 est,
957 319 1073 358 quam
1093 308 1125 346 si
1139 308 1206 347 Cn.
1220 308 1394 356 Manlius,
1407 308 1516 348 cuius
1540 314 1597 347 te-

187 369 358 408 meritate
385 379 429 405 ea
458 365 582 404 clades
611 365 807 412 inciderat,
835 364 1008 415 perisset,
1039 376 1130 402 cum
1153 364 1282 403 multis
1312 364 1402 403 viris
1432 364 1597 404 fortibus

148 432 168 464 8
189 424 342 470 cecidit,
363 422 552 461 exercitus
572 421 692 472 spolia
712 421 811 472 regis
832 420 1012 459 Antiochi
1031 422 1204 459 referens
1229 421 1413 460 trifariam
1433 421 1597 472 dissipa-

185 487 258 527 tus,
290 479 378 518 alibi
406 479 589 530 primum,
618 477 706 516 alibi
733 482 975 528 postremum
1006 489 1156 528 agmen,
1193 476 1281 515 alibi
1309 477 1598 527 impedimenta,

147 541 167 573 9
184 537 284 575 inter
313 547 448 586 vepres
477 535 518 573 in
546 534 699 573 latebris
730 536 902 572 ferarum
931 539 1086 572 noctem
1107 545 1225 571 unam
1247 533 1402 572 delituit.
1443 545 1515 584 pro
1538 533 1598 572 his

187 591 405 643 triumphus
427 588 600 642 petitur?
625 590 658 629 si
677 590 772 628 nihil
793 590 833 628 in
853 590 1014 628 Thracia
1035 589 1150 628 cladis
1164 589 1476 640 ignominiaeque
1499 591 1601 629 foret

185 654 397 699 acceptum,
421 648 467 686 de
489 647 631 698 quibus
652 646 828 685 hostibus
842 646 1087 697 triumphum
1101 644 1283 697 peteres?
1306 646 1353 685 de
1370 646 1428 693 iis,
1450 651 1494 685 ut
1513 646 1599 697 opi-

129 710 168 743 10
186 717 273 751 nor,
295 716 395 755 quos
415 703 484 742 tibi
502 704 631 742 hostes
652 708 808 742 senatus
829 708 895 741 aut
916 703 1085 754 populus
1107 703 1307 742 Romanus
1329 702 1507 741 dedisset.
1546 702 1601 742 sic

185 760 275 799 huic
297 760 340 798 L.
361 760 542 811 Scipioni,
573 759 628 798 sic
656 760 710 798 illi
729 760 791 798 Μ’.
819 759 938 797 Acilio
970 759 1017 797 de
1047 771 1136 810 rege
1166 759 1370 806 Antiocho,
1400 759 1456 797 sic
1485 759 1599 810 paulo

185 823 272 856 ante
292 817 336 855 Τ.
359 816 538 864 Quinctio
570 816 617 854 de
646 828 735 866 rege
755 815 946 866 Philippo,
969 815 1024 853 sic
1044 815 1086 853 P.
1109 815 1291 854 Africano
1320 815 1366 854 de
1387 814 1600 854 Hannibale

128 875 166 908 11
186 879 223 912 et
242 873 383 911 Poenis
406 879 443 911 et
462 873 636 924 Syphace
655 872 877 922 triumphus
902 871 1021 910 datus.
1071 876 1108 910 et
1137 872 1296 910 minima
1317 872 1389 918 illa,
1412 883 1503 910 cum
1524 872 1598 910 iam

185 935 340 968 senatus
362 929 575 967 censuisset
594 928 750 975 bellum,
783 927 950 978 quaesita
970 933 1099 966 tamen
1122 934 1223 975 sunt,
1251 927 1391 979 quibus
1414 928 1600 966 nuntian-

185 985 280 1024 dum
311 991 428 1024 esset:
458 985 550 1036 ipsis
581 985 713 1034 utique
744 983 900 1034 regibus
930 984 1186 1031 nuntiaretur,
1214 996 1263 1022 an
1302 984 1391 1023 satis
1423 989 1522 1023 esset
1553 984 1602 1023 ad

127 1049 167 1083 12
186 1041 421 1092 praesidium
452 1041 607 1092 aliquod
638 1041 819 1079 nuntiari.
869 1040 982 1078 vultis
1013 1053 1103 1091 ergo
1132 1041 1226 1079 haec
1258 1040 1389 1079 omnia
1418 1041 1539 1091 pollui
1565 1045 1603 1080 et

186 1098 387 1144 confundi,
417 1098 497 1136 tolli
519 1097 658 1136 fetialia
678 1097 774 1144 iura,
800 1097 927 1135 nullos
956 1109 1039 1135 esse
1062 1094 1238 1135 fetiales?
1267 1097 1342 1144 fiat,
1371 1109 1463 1148 pace
1483 1097 1601 1136 deum

186 1154 360 1201 dixerim,
380 1154 523 1193 iactura
546 1154 762 1205 religionis,
784 1152 924 1192 oblivio
950 1153 1115 1191 deorum
1137 1153 1258 1203 capiat
1279 1158 1435 1204 pectora
1455 1159 1600 1192 vestra:

124 1213 167 1247 13
186 1223 280 1249 num
303 1216 479 1250 senatum
502 1222 659 1261 quoque
681 1210 728 1248 de
751 1209 849 1248 hello
873 1209 1024 1248 consuli
1042 1221 1123 1248 non
1144 1208 1292 1260 placet?
1312 1222 1393 1248 non
1409 1210 1455 1248 ad
1470 1221 1600 1261 popu-

127 1270 168 1303 14
185 1267 267 1306 lum
289 1267 393 1314 ferri,
413 1267 530 1305 velint
547 1266 755 1305 iubeantne
781 1278 871 1304 cum
901 1266 1014 1305 Gallis
1044 1265 1187 1305 bellum
1209 1265 1319 1317 geri?
1350 1266 1467 1305 modo
1499 1272 1601 1305 certe

185 1324 364 1362 consules
385 1324 580 1362 Graeciam
603 1330 717 1373 atque
738 1323 868 1361 Asiam
888 1322 1088 1369 volebant3
1110 1328 1238 1361 tamen
1261 1322 1598 1374 perseverantibus

127 1382 166 1415 15
185 1379 294 1419 vobis
314 1379 474 1430 Ligures
489 1380 729 1430 provinciam
745 1379 952 1417 decernere
973 1379 1073 1417 dicto
1095 1379 1294 1418 audientes
1311 1381 1482 1418 fuerunt.
1515 1391 1599 1418 me-

184 1436 258 1474 rito
281 1448 371 1487 ergo
393 1449 414 1474 a
435 1435 543 1474 vobis
567 1448 753 1486 prospere
774 1434 874 1475 bello
900 1441 1006 1487 gesto
1027 1435 1271 1487 triumphum
1293 1441 1435 1487 petent,
1456 1435 1598 1487 quibus

183 1492 407 1531 auctoribus
437 1495 673 1543 gesse1·unt.“

195 1549 275 1609 ffississi‘„

187 1658 220 1690 in
245 1665 386 1691 monente
416 1659 499 1700 liegt
530 1661 679 1699 mouebat,
716 1658 782 1699 vgl.
821 1669 860 1690 zu

193 1706 243 1745 10,
270 1706 324 1745 45,
358 1706 396 1745 33
420 1706 474 1745 28,
498 1706 552 1744 24,
583 1706 612 1737 2.
632 1722 678 1728 —
695 1706 860 1746 leermus,

188 1760 215 1781 c.
255 1751 309 1789 41,
339 1751 368 1782 3.
403 1768 448 1773 -
487 1752 651 1791 inciderat,
685 1749 859 1790 herbeige-

187 1793 280 1827 ffihrt
304 1806 385 1833 war,
413 1796 514 1827 sehon
547 1796 606 1827 ehe
638 1794 769 1827 Therm.
795 1795 859 1836 fiel,

188 1850 215 1871 c.
240 1842 271 1880 9,
296 1842 333 1881 3;
373 1843 426 1880 35,
458 1843 511 1881 40,
550 1843 577 1874 1.
606 1859 648 1864 -
677 1843 860 1881 dissipatus,

188 1886 253 1926 vgl.
282 1896 308 1918 c.
333 1888 387 1926 40,
424 1886 467 1918 ist
498 1886 626 1918 erkliirt
658 1886 761 1918 durch
785 1889 863 1919 alibi

188 1949 232 1953 ——
256 1933 335 1963 alibi
352 1935 432 1971 etc.;
460 1934 604 1971 primum
627 1949 672 1955 ——-
691 1938 790 1972 postr.
816 1950 861 1954 —

187 1979 342 2016 impedz'm.
359 1976 404 2008 ist
421 1976 615 2019 Apposition
639 1988 679 2009 zu
697 1979 860 2018 exercitus,

189 2021 242 2053 die
267 2022 381 2053 dessen
405 2021 521 2054 Theile
546 2022 690 2063 angiebt.

235 2068 355 2100 9—15.
399 2067 552 2099 Schluss:
601 2069 658 2100 der
703 2067 862 2110 Triumph

189 2111 266 2144 darf
290 2113 381 2144 nicht
411 2113 565 2153 gewiihrt
596 2114 739 2154 werden,
771 2113 861 2155 weil,

125 2184 127 2188 ,
190 2168 243 2188 wo
263 2157 315 2189 ein
337 2158 528 2190 wirklicher
545 2157 667 2201 Rumpf
687 2158 862 2203 stattfand,

192 2202 299 2235 dieser
339 2204 548 2244 ungliicklich
584 2214 674 2244 war,
706 2205 772 2236 und
804 2205 862 2236 der

192 2249 274 2280 ohne
309 2248 483 2280 Autorit'at
514 2250 569 2281 des
601 2249 712 2281 Staats
745 2254 861 2282 unter-

191 2304 357 2326 nommene
382 2293 484 2335 I‘u'rieg
514 2294 677 2336 gebilligt,
710 2305 747 2326 so
783 2296 862 2327 aber

193 2338 281 2371 diese
299 2340 364 2370 und
393 2340 450 2371 das
467 2340 672 2372 Fetialrecht
703 2339 862 2381 ausgeho-

192 2383 264 2421 ben,
305 2385 361 2416 der
395 2385 516 2426 Beginn
550 2386 607 2417 der
644 2384 765 2426 Hriege
804 2387 862 2418 der

193 2429 341 2461 Willkiir
368 2430 424 2461 der
455 2430 637 2463 Feldherrn
672 2431 860 2463 iiberlassen

192 2474 314 2506 wiirde.
334 2493 378 2498 —
402 2478 531 2509 dedisset
555 2477 613 2507 hat
639 2476 709 2508 sich
735 2487 776 2507 an
802 2478 861 2509 den

192 2518 464 2560 hypothetischen
488 2521 566 2553 Satz
594 2522 862 2561 angesehlosseu:

192 2574 268 2597 num
286 2573 404 2605 peteres
432 2569 467 2599 de
493 2570 533 2599 iis
556 2585 600 2589 —
616 2578 694 2609 quos
721 2570 860 2609 dedisset,

930 1660 970 1691 da
996 1660 1053 1691 der
1078 1658 1235 1691 Gedanke
1266 1670 1306 1691 zu
1339 1658 1469 1691 Grunde
1500 1659 1599 1700 liegt:

929 1705 971 1736 du
994 1705 1114 1736 kannst
1138 1705 1229 1736 nicht
1244 1704 1471 1747 triumphiren,
1498 1705 1539 1736 da
1557 1722 1602 1728 -—

931 1750 1020 1781 nicht
1045 1750 1189 1791 gegeben
1214 1751 1282 1790 hat,
1308 1750 1374 1791 vgl.
1408 1752 1461 1790 21,
1494 1751 1544 1790 13,
1574 1753 1601 1783 1.

929 1795 971 1827 Es
997 1795 1080 1827 wird
1101 1796 1159 1827 das
1184 1806 1210 1827 c.
1237 1797 1292 1834 45,
1326 1798 1345 1828 5
1376 1795 1499 1828 bereits
1534 1794 1601 1828 Ge-

929 1845 1023 1882 sagte
1060 1852 1099 1872 zu
1135 1841 1239 1873 einem
1278 1841 1421 1873 anderen
1458 1841 1600 1874 Zwecke

929 1887 1046 1918 weiter
1071 1885 1275 1928 ausgefiihrt.
1302 1905 1347 1910 -
1373 1888 1506 1919 minima
1533 1888 1599 1927 illa,

929 1932 995 1964 Cic.
1032 1932 1126 1964 Verr.
1161 1935 1192 1972 5,
1217 1934 1248 1972 6,
1284 1934 1341 1965 14:
1374 1934 1432 1964 illa
1454 1939 1601 1971 extrema,

929 1977 996 2018 vgl.
1024 1977 1059 2009 L.
1085 1979 1139 2018 36,
1157 1979 1187 2018 3,
1211 1980 1240 2011 7.
1260 1996 1304 2000 —
1320 1979 1414 2010 vultis
1435 1989 1506 2020 erqo
1524 1982 1599 2017 etc.,

930 2023 1073 2055 dieselbe
1107 2022 1284 2065 Wendung
1317 2023 1381 2055 wie
1415 2025 1445 2064 5,
1481 2025 1534 2063 53,
1570 2025 1601 2062 7,

930 2069 996 2110 vgl.
1023 2070 1053 2109 8,
1081 2069 1133 2109 34,
1168 2069 1250 2111 2ff‚;
1275 2071 1306 2108 6,
1331 2070 1386 2108 41,
1414 2070 1449 2102 8:
1474 2071 1602 2101 eludant

929 2126 1025 2146 mmo.
1048 2132 1093 2136 -—
1115 2114 1216 2152 fetial.
1248 2117 1333 2155 iura,
1369 2114 1402 2145 in
1436 2115 1507 2146 dem
1542 2115 1601 2146 das

930 2159 1184 2191 herkiimmliche
1215 2159 1437 2192 Vo'lkerrecht
1467 2160 1600 2192 euthal-

930 2210 985 2237 ten
1010 2215 1091 2244 war,
1116 2216 1141 2236 5.
1169 2207 1199 2245 9,
1230 2207 1260 2245 9,
1287 2207 1325 2245 33
1351 2204 1416 2238 Cic.
1442 2205 1542 2247 Legg.
1569 2207 1600 2246 2,

930 2253 967 2284 9:
992 2251 1165 2290 foederum,
1186 2254 1286 2292 pacis,
1313 2253 1511 2283 indutiarum
1530 2263 1601 2284 ora-

929 2303 1010 2328 tores
1021 2298 1150 2337 fetiales
1173 2303 1278 2329 sunto.
1302 2315 1346 2319 —
1366 2307 1454 2336 pace,
1487 2298 1518 2338 6,
1544 2298 1598 2337 41,

931 2344 960 2375 9.
986 2360 1029 2364 —
1053 2353 1129 2373 uum
1161 2346 1236 2382 etc„
1270 2341 1511 2383 VViderlegung
1544 2342 1599 2374 des

931 2387 972 2418 im
998 2388 1194 2429 vorhergeh.
1213 2390 1278 2428 fiat
1310 2391 1371 2419 etc.
1407 2388 1600 2428 gemachteu

929 2432 1235 2473 Zugestzfindnisses,
1268 2433 1334 2474 vgl.
1369 2435 1399 2473 5,
1433 2435 1465 2473 4,
1499 2434 1528 2466 3.
1555 2451 1600 2455 —

928 2481 1018 2510 modo
1053 2485 1141 2518 certe,
1174 2479 1231 2510 das
1264 2478 1391 2510 werdet
1424 2477 1476 2509 ihr
1509 2478 1600 2509 nicht

930 2524 1061 2563 wollen,
1089 2524 1287 2565 wenigstens
1313 2523 1401 2564 zeigt
1433 2523 1492 2555 das
1518 2523 1599 2555 eben

929 2568 1174 2611 Vox-gesallene‚
1201 2569 1275 2601 dass
1299 2568 1400 2601 Senat
1423 2569 1488 2601 uud
1512 2568 1601 2601 Volk
