1715 2723
224 102 305 141 364
796 100 1049 134 PERIOCHAE.

223 202 364 233 mininus
388 200 495 232 frater
512 201 659 233 consulis
677 202 787 233 navali
805 202 932 243 proelio
951 201 1067 233 Attalo
1085 209 1164 240 rege
1181 204 1216 231 et
1232 199 1368 232 Rhodiis
1386 200 1621 233 adiuvantibus

223 247 387 278 Euboeam
405 250 440 277 et
455 246 653 278 maritimam
667 256 770 278 oram.
799 246 922 278 Achaei
936 247 968 278 in
982 245 1160 278 amicitiam
1174 245 1301 286 recepti
1314 250 1401 278 sunt.
1430 250 1622 288 praetorum

223 301 377 323 numerus
400 291 575 332 ampliatus
599 295 667 330 est,
690 296 726 323 ut
749 292 820 323 seni
840 297 1048 324 crearentur.
1082 290 1267 322 coniuratio
1286 299 1459 322 servorum
1476 289 1564 323 facta
1581 291 1621 321 de

223 336 392 368 solvendis
416 335 736 376 Carthaginiensium
763 337 948 376 obsidibus,
974 345 1132 378 oppressa
1154 339 1222 372 est3
1253 335 1315 365 duo
1344 335 1435 366 milia
1459 346 1476 366 n
1500 335 1619 367 necati.

223 380 397 412 Cornelius
415 380 578 422 Cethegus
596 381 712 412 consul
731 380 846 413 Gallos
864 381 1019 413 Insubres
1037 380 1162 423 proelio
1181 379 1276 411 fudit.
1311 390 1382 411 cum
1400 379 1623 411 Lacedaemo-

223 426 286 457 niis
304 431 338 458 et
353 430 496 468 tyranno
515 436 627 458 eorum
644 425 772 458 Nabide
789 427 933 459 amicitia
952 427 1062 458 iuncta
1077 430 1138 457 est.
1173 429 1347 467 praeterea
1361 425 1621 467 expugnationes

222 471 350 503 urbium
368 471 400 502 in
417 470 611 503 Macedonia
629 470 830 504 referuntur.

620 698 871 731 PERIOCHA
902 698 1034 730 LIBRI
1059 698 1223 731 XXXIII.

312 788 350 820 Τ.
369 787 523 830 Quintius
542 788 746 820 Flamininus
770 788 947 831 proconsul
972 798 1043 818 cum
1066 787 1217 830 Philippo
1243 788 1283 818 ad
1301 787 1568 829 Cynoscephalas
1588 788 1621 818 in

221 833 394 865 Thessalia
416 834 487 865 acie
510 834 599 865 victo
623 833 813 865 debellavit.
848 832 884 864 L.
903 832 1058 873 Quintius
1075 831 1281 863 Flamininus
1299 832 1397 872 [ille]‚
1422 830 1528 863 frater
1543 842 1621 874 pro-

221 879 385 918 consulis,
404 879 594 910 Acarnanes
612 877 763 910 Leucade
780 878 878 917 urbe,
897 877 982 919 quod
1001 881 1098 918 caput
1115 882 1167 908 est
1185 877 1411 916 Acarnanum,
1435 881 1622 919 expugnata

221 924 253 955 in
281 923 479 955 deditionem
509 923 645 965 accepit.
690 933 755 965 pax
782 922 906 964 petenti
934 921 1083 964 Philippo
1115 920 1257 953 Graecia
1285 922 1428 953 liberata
1456 922 1533 953 data
1557 927 1619 954 est.

220 969 355 1001 Attalus
378 969 417 1000 ab
435 967 557 999 Thebis
582 968 621 999 ob
647 968 788 999 subitam
812 967 1033 999 valetudinem
1050 966 1245 1008 Pergamum
1261 967 1448 998 translatus
1465 967 1622 999 decessit.

221 1014 256 1046 C.
274 1013 487 1055 Sempronius
511 1012 694 1044 Tuditanus
718 1017 854 1055 praetor
878 1013 917 1043 ab
943 1011 1123 1044 Celtiberis
1147 1023 1218 1043 cum
1239 1012 1392 1043 exercitu
1416 1022 1532 1043 caesus
1557 1017 1620 1044 est.

220 1059 256 1090 L.
275 1058 395 1090 Furius
414 1058 577 1100 Purpurio
596 1063 629 1089 et
643 1058 798 1089 Claudius
814 1057 993 1089 Marcellus
1007 1058 1162 1089 consules
1176 1057 1274 1089 Boios
1289 1062 1320 1089 et
1334 1056 1489 1088 Insubres
1504 1055 1621 1088 Gallos

223 1104 434 1145 subegerunt.
468 1102 649 1134 Marcellus
666 1103 894 1145 triumphavit.
923 1103 1085 1134 Hannibal
1098 1102 1226 1134 frustra
1241 1103 1274 1133 in
1288 1101 1403 1133 Africa
1417 1102 1539 1133 bellum
1552 1112 1622 1133 mo-

223 1149 303 1181 litus
321 1153 354 1180 et
372 1149 412 1179 ob
428 1149 490 1179 hoc
507 1148 663 1180 Romanis
681 1158 738 1189 per
755 1148 915 1190 epistulas
932 1148 973 1179 ab
991 1149 1152 1179 adversae
1171 1146 1326 1179 factionis
1343 1147 1546 1189 principibus
1564 1148 1620 1178 de-

223 1194 311 1226 latus
330 1198 465 1236 propter
481 1198 602 1225 metum
618 1193 849 1233 Romanorum,
867 1193 921 1235 qui
937 1193 1066 1234 legatos
1084 1194 1124 1223 ad
1139 1197 1287 1224 senatum
1302 1192 1624 1233 Carthaginiensium

224 1240 263 1270 de
286 1249 324 1270 eo
348 1239 524 1277 miserant,
546 1237 704 1280 profugus
729 1239 769 1269 ad
786 1238 986 1270 Antiochum
1005 1238 1123 1281 Syriae
1148 1248 1257 1279 regem
1282 1247 1316 1269 se
1343 1237 1484 1269 contulit
1500 1237 1623 1269 bellum

223 1284 384 1316 adversus
403 1283 566 1315 Romanos
585 1288 766 1325 parantem.

622 1513 874 1546 PERIOCHA
902 1512 1033 1544 LIBRI
1058 1512 1221 1545 XXXIV.

310 1604 381 1636 Lex
399 1604 519 1647 Oppia,
543 1613 637 1645 quam
657 1602 689 1634 C.
709 1603 831 1645 Oppius
855 1603 1007 1635 tribunus
1030 1603 1137 1645 plebis
1160 1603 1247 1634 bello
1265 1602 1388 1634 Punico
1411 1604 1449 1634 de
1470 1603 1620 1636 finiendis

220 1655 445 1682 matronarum
468 1649 612 1680 cultibus
637 1649 777 1690 tulerat,
802 1659 875 1680 cum
899 1658 1015 1689 magna
1039 1648 1249 1680 contentione
1272 1648 1432 1688 abrogata
1455 1653 1523 1688 est,
1549 1659 1620 1681 cum

219 1695 357 1726 Porcius
373 1694 453 1726 Cato
472 1699 588 1726 auctor
601 1692 729 1730 fuisset.
749 1703 787 1725 ne
802 1704 839 1725 ea
853 1694 908 1725 lex
922 1693 1127 1725 aboleretur.
1157 1693 1185 1724 is
1200 1693 1232 1724 in
1246 1693 1437 1735 Hispaniam
1450 1692 1619 1736 profectus

218 1740 316 1782 bello,
335 1740 418 1781 quod
436 1739 602 1780 Emporiis
621 1749 718 1770 orsus
738 1743 800 1778 est,
819 1739 1011 1770 citeriorem
1028 1738 1218 1780 Hispaniam
1236 1739 1378 1779 pacavit.
1411 1738 1448 1770 T.
1464 1738 1618 1780 Quintius

218 1785 421 1816 Flamininus
446 1784 566 1815 bellum
589 1784 749 1815 adversus
768 1783 1047 1815 Lacedaemonios
1071 1788 1103 1814 et
1127 1787 1304 1827 tyrannum
1329 1793 1441 1815 eorum
1458 1783 1620 1816 Nabidem

217 1840 374 1872 prospere
393 1834 521 1870 gestum
539 1829 616 1860 data
632 1828 682 1859 his
700 1839 789 1871 pace,
807 1829 935 1870 qualem
953 1828 1023 1870 ipse
1040 1828 1185 1867 volebat,
1203 1828 1420 1870 liberatisque
1434 1828 1547 1870 Argis,
1565 1829 1620 1871 qui

219 1875 278 1906 sub
302 1874 431 1905 dicione
456 1874 593 1916 tyranni
616 1879 727 1909 erant,
753 1874 873 1906 finivit¹
908 1883 962 1905 res
986 1878 1160 1916 praeterea
1181 1873 1210 1904 in
1228 1873 1387 1915 Hispania
1405 1878 1439 1905 et
1456 1874 1618 1906 adversus

219 1919 316 1951 Boios
335 1924 368 1950 et
383 1918 538 1950 Insubres
557 1916 673 1950 Gallos
697 1917 842 1950 feliciter
860 1923 973 1959 gestae
991 1917 1196 1950 referuntur.
1230 1923 1365 1950 senatus
1382 1923 1461 1950 tunc
1477 1919 1617 1961 primum

218 1969 370 1996 secretus
394 1974 412 1994 a
436 1964 555 2005 populo
580 1963 675 1994 ludos
696 1964 872 2006 spectavit.
912 1963 949 1995 id
970 1968 1005 1994 ut
1029 1963 1125 1995 fieret
1147 1963 1223 1994 Sex.
1246 1963 1362 1995 Aelius
1386 1963 1506 1995 Paetus
1530 1969 1564 1996 et
1580 1964 1616 1996 C.

218 2008 393 2040 Cornelius
411 2008 575 2048 Cethegus
594 2018 749 2039 censores
775 2009 1030 2040 intervenerunt
1049 2019 1120 2039 cum
1138 2008 1362 2048 indignatione
1379 2009 1494 2051 plebiS.
1529 2008 1621 2040 colo-

219 2054 292 2085 niae
316 2055 428 2095 plures
452 2053 611 2085 deductae
634 2058 721 2084 sunt.
756 2053 798 2084 M.
820 2053 958 2085 Porcius
977 2053 1058 2084 Cato
1083 2054 1122 2084 ‹Ie
1139 2053 1296 2095 Hispania
1317 2053 1544 2096 triumphavit.
1579 2053 1618 2086 T.

218 2099 371 2141 Quintius
401 2097 620 2136 Flamininus,
651 2098 704 2139 qui
728 2097 909 2140 Philippum
933 2098 1148 2130 Macedonum
1177 2108 1287 2139 regem
1317 2103 1351 2130 et
1373 2098 1530 2130 Nabidem
1554 2098 1618 2131 La-

218 2143 502 2176 cedaemoniorum
519 2147 696 2186 tyrannum
710 2143 839 2174 vicerat
855 2141 1092 2184 Graeciamque
1107 2154 1233 2175 omnem
1246 2143 1463 2185 liberaverat,
1482 2144 1521 2175 ob
1534 2144 1618 2175 hanc

217 2199 327 2221 rerum
345 2193 513 2230 gestarum
530 2187 774 2219 multitudinem
791 2188 901 2218 triduo
919 2188 1144 2229 triumphavit.
1179 2188 1281 2228 legati
1295 2188 1617 2229 Carthaginiensium

217 2234 455 2265 nuntiaverunt
479 2233 711 2272 Hannibalem,
736 2233 788 2274 qui
813 2233 851 2263 ad
877 2233 1075 2264 Antiochum
1099 2231 1311 2274 confugerat,
1335 2233 1457 2264 bellum
1482 2244 1553 2265 cum
1577 2243 1615 2264 eo

216 2279 342 2312 moliri.
382 2283 605 2320 temptaverat
627 2282 735 2309 autem
760 2277 921 2308 Hannibal
942 2287 1001 2319 pcr
1024 2277 1215 2309 Aristonem
1233 2278 1374 2321 Tyrium
1397 2278 1469 2309 sine
1490 2278 1615 2310 litteris

216 2324 448 2365 Carthaginem
465 2323 598 2355 missum
617 2323 657 2354 ad
674 2322 860 2354 bellandum
876 2322 1004 2354 Poenos
1023 2323 1205 2355 concitare.
