1715 2723
170 296 210 328 13
230 299 399 338 possem.

229 74 312 114 236

672 71 795 103 LIBER
819 71 996 104 XXXVII.
1030 71 1122 104 CAP.
1147 74 1201 106 45.

1483 78 1510 96 a.
1533 78 1561 96 u.
1581 69 1642 96 564.

230 176 298 214 dae
319 188 380 214 res
399 175 617 213 extulerunt
639 185 710 211 nec
724 173 905 211 adversae
918 173 1155 212 minuerunt.
1187 174 1269 212 eius
1280 174 1346 221 rei,
1367 180 1409 213 ut
1419 174 1512 212 alios
1525 174 1639 213 omit-

229 238 317 277 tarn,
340 230 594 268 Hannibalem
615 235 788 268 vestrum
811 229 919 268 vobis
940 235 1075 268 testem
1099 230 1240 275 darem,
1262 230 1338 268 nisi
1350 231 1535 281 vosipsos
1548 231 1637 268 dare

443 291 649 336 postquam
681 285 897 324 traiecimus
930 286 1244 335 Hellespontum,
1272 286 1499 337 priusquam
1518 292 1638 325 castra

229 343 343 393 regia,
365 342 592 392 priusquam
615 342 732 380 aciem
756 342 988 388 videremus,
1008 354 1097 380 cum
1118 342 1338 380 communis
1350 343 1449 381 Mars
1465 349 1500 381 et
1510 343 1639 381 incer-

229 405 290 438 tus
311 398 399 436 belli
418 404 578 437 eventus
601 404 712 444 essct,
744 398 790 436 de
819 410 911 448 pace
932 398 1041 436 vobis
1064 398 1263 449 agentibus
1288 411 1382 448 quas
1402 411 1514 448 pares
1535 399 1638 450 pari—

230 455 303 493 bus
325 454 545 493 ferebamus
570 454 829 500 condiciones,
852 455 1003 493 easdem
1024 467 1130 492 nunc
1152 455 1315 493 victores
1332 455 1439 493 victis
1456 455 1639 493 ferimus:

172 519 212 550 14
230 512 386 561 Europa
405 511 609 554 abstinete,
642 511 728 549 Asia
751 511 869 557 omni,
899 523 996 560 quae
1019 511 1070 548 cis
1095 511 1267 549 Taurum
1290 517 1460 549 montem
1481 517 1548 557 est,
1571 511 1640 549 de-

231 567 363 605 cedite.
398 580 469 616 pro
494 567 679 617 impensis
703 567 840 605 deinde
860 568 898 605 in
922 567 1062 605 bellum
1087 568 1193 605 factis
1218 567 1437 617 quindecim
1461 567 1561 605 milia
1582 572 1638 606 ta-

230 625 378 662 lentum
401 624 666 662 Euboicorum
695 623 851 669 dabitis,
883 624 1090 674 quingenta
1111 624 1345 673 praesentia,
1376 624 1453 661 duo
1483 623 1585 662 milia
1605 630 1642 662 et

232 680 452 730 quingenta,
473 692 562 718 cum
585 686 740 718 senatus
761 680 1007 730 populusque
1029 680 1228 718 Romanus
1250 692 1383 730 pacem
1405 679 1638 730 comproba-

172 747 211 779 15
231 736 378 782 vcrint3
398 736 512 775 milia
533 736 669 774 deinde
692 737 874 774 talentum
894 748 963 786 per
984 736 1190 774 duodecim
1204 748 1339 774 annos.
1360 737 1524 775 Eumeni
1539 748 1640 786 quo-

231 805 306 843 que
328 793 436 831 reddi
459 792 737 842 quadringenta
755 792 891 830 talenta
915 798 951 830 et
971 792 1074 842 quod
1098 793 1282 830 frumenti
1310 794 1502 842 reliquum
1520 805 1565 831 ex
1581 805 1639 838 eo,

171 858 211 890 16
232 849 335 898 quod
358 849 453 898 patri
475 849 645 886 debitum
671 854 746 893 cst,
778 848 910 898 placet.
951 848 1043 885 haec
1065 860 1153 885 cum
1175 849 1446 898 pepigerimus,
1470 850 1639 887 facturos

231 918 299 943 vos
324 912 363 943 ut
372 917 442 955 pro
465 911 568 942 certo
589 904 810 949 habeamus,
834 904 904 942 erit
924 904 1079 953 quidem
1091 904 1245 954 aliquod
1266 904 1419 954 pignus,
1442 905 1472 943 si
1489 904 1641 943 obsides

231 961 363 1012 viginti
387 968 520 999 nostro
544 960 727 998 arbitratu
749 960 905 1005 dabitis;
928 960 993 998 sed
1014 972 1230 1010 numquam
1250 961 1338 999 satis
1358 960 1517 1011 liquebit
1528 961 1640 999 uobis

230 1018 282 1055 ibi
306 1029 439 1068 pacem
465 1030 547 1055 esse
572 1017 715 1067 populo
737 1018 926 1063 Romano,
958 1016 1024 1054 ubi
1044 1017 1233 1054 Hannibal
1257 1017 1346 1055 erit:
1378 1030 1466 1055 eum
1487 1023 1572 1056 ante
1595 1030 1641 1055 o-

172 1085 211 1117 17
232 1074 334 1112 mnia
346 1074 604 1123 deposcimus.
630 1074 844 1111 Thoantem
855 1073 1214 1123 quoqueAetoluui,
1236 1074 1473 1112 concitorem
1487 1074 1644 1112 Aetolici

231 1130 330 1177 belli,
354 1130 420 1180 qui
442 1136 478 1168 et
499 1130 653 1168 illorum
676 1130 814 1167 fiducia
836 1142 904 1167 vos
926 1135 961 1167 et
982 1136 1105 1167 vestra
1126 1130 1210 1168 illos
1231 1130 1268 1167 in
1291 1142 1361 1168 nos
1377 1130 1546 1170 armavit.
1573 1130 1642 1168 de-

232 1187 327 1225 detis
349 1194 385 1224 et
406 1199 492 1224 culn
518 1199 562 1224 eo
584 1186 864 1224 Mnasilochum
886 1186 1085 1224 Acarnana
1108 1192 1144 1224 et
1162 1186 1418 1225 Chalcidensis
1439 1186 1643 1225 Philonem

224 1316 327 1349 postq.
345 1327 388 1330 —-—
399 1311 526 1349 priusq.
546 1327 589 1330 —
606 1319 674 1339 omn
699 1308 771 1339 siud
788 1308 903 1339 kunst-

230 1354 300 1385 voll
309 1354 638 1394 zusammengestellt.
650 1372 690 1375 >—
700 1356 903 1392 pao-esparz'b.

232 1418 275 1421 —
299 1402 428 1431 victores
462 1402 567 1438 vietis,
599 1402 682 1430 statt
716 1400 774 1430 der
804 1399 902 1430 Auti-

232 1446 345 1476 thesen
384 1446 442 1475 hat
477 1444 546 1476 Pol.
579 1443 729 1475 eiufach:
754 1446 811 1476 καὶ
836 1444 904 1476 νῦν

232 1487 276 1523 αὖ
282 1503 357 1527 τοις
370 1502 436 1529 Tm
453 1487 564 1530 αὐτὴτ
584 1486 785 1543 ἀπόκρισιν
795 1490 848 1522 do
847 1486 904 1531 Ἰή-

230 1546 304 1585 (5563
302 1539 362 1567 ‘mc
396 1534 495 1569 nuo&
527 1533 733 1579 Ρωιιαιήωὶ
771 1532 816 1575 ἣν
842 1536 903 1568 καὶ

229 1594 266 1613 71.
262 1577 410 1626 ς’)όῑερω
428 1582 568 1622 ἔλαβον
587 1599 630 1602 ——
647 1583 739 1612 Mam
756 1599 798 1603 ——
815 1592 904 1613 even-

228 1634 290 1667 tus,
322 1637 347 1657 s.
389 1628 415 1666 1,
444 1628 496 1666 33,
526 1629 564 1665 4·
591 1628 643 1665 42,
675 1628 724 1665 14,
751 1628 905 1659 41:er-

229 1679 287 1704 tem
320 1683 510 1704 communem
543 1683 605 1703 esse
637 1678 664 1703 et
686 1679 827 1703 eventum
851 1674 904 1703 in-

230 1725 347 1750 certum
371 1719 461 1755 bem,-
486 1719 540 1757 21,
568 1719 596 1755 1,
623 1719 652 1749 2.

280 1765 420 1796 14-15
449 1762 540 1794 Ganz
559 1764 641 1793 nach
662 1761 790 1804 Polyb.²
809 1763 904 1793 wah-

231 1809 311 1840 reud
347 1808 473 1850 Appiau
514 1809 597 1839 noch
630 1808 750 1839 andere
786 1808 904 1839 Redin-

232 1864 361 1894 guugen
381 1854 552 1893 erwiihnt,
586 1853 637 1884 die
665 1857 733 1884 erst
756 1853 808 1884 bei
834 1854 903 1884 dem

232 1899 424 1930 definitiven
458 1898 762 1930 Friedeusschlusse
787 1898 905 1929 hinzu-

232 1945 357 1983 kamen,
393 1955 417 1975 s.
444 1946 497 1982 38,
531 1947 583 1983 38,
620 1950 648 1977 8.
674 1963 717 1966 —
742 1946 835 1982 Asia,
862 1944 904 1975 im

232 1990 392 2021 ueiteren
427 1989 544 2028 Sinne,
585 1988 606 2030 ἓ
644 1991 682 2031 33
721 1992 757 2022 21
803 1990 904 2020 durch

232 2039 312 2076 qubce
336 2038 379 2066 cis
405 2038 501 2067 Taur.
530 2047 569 2066 m.
597 2046 635 2075 e.,
663 2046 687 2066 S.
713 2036 765 2074 38,
792 2036 844 2075 38,
872 2038 904 2072 4,

232 2081 451 2121 heschriinkt,
477 2091 501 2111 s.
527 2080 688 2120 Forbiger
712 2082 749 2121 2,
783 2082 835 2113 92.
862 2099 905 2102 ——

232 2128 390 2165 Euboica,
424 2125 489 2156 wie
524 2125 557 2156 in
585 2126 655 2157 dein
680 2125 819 2157 Fricdeu
847 2125 905 2156 mit

237 2171 422 2212 Carthago,
458 2170 573 2213 Polyb.
603 2173 638 2208 1,
668 2172 727 2206 o2:
766 2173 823 2211 15,
853 2173 903 2208 18,

231 2217 297 2248 und
320 2216 379 2247 mit
402 2217 462 2248 deu
488 2216 656 2254 Aetolern,
682 2217 734 2256 38,
762 2217 792 2254 9,
821 2216 904 2246 wird

233 2263 317 2293 nach
342 2262 535 2293 eubo'ischeu
560 2261 731 2302 Taleuten,
766 2261 817 2292 die
844 2262 903 2292 den

232 2307 395 2338 attischen
427 2307 536 2348 gleich
562 2307 686 2345 stehen,
719 2318 743 2337 s.
772 2308 823 2343 38,
851 2308 905 2343 38,

237 2354 294 2391 1·=‚
327 2353 514 2393 gerochnet.
550 2370 594 2374 ——
630 2359 723 2384 senat.
754 2363 784 2391 p.
810 2354 847 2383 R.
870 2362 904 2390 p.

232 2409 342 2439 comp„
366 2399 423 2430 der
437 2398 538 2429 Senat
563 2397 657 2429 stellt
681 2401 750 2428 erst
772 2396 823 2428 die
844 2397 905 2428 Be-

234 2443 418 2484 dingungen
450 2442 531 2483 sest,
567 2444 625 2474 ehe.
652 2443 708 2474 das
733 2442 820 2474 Volk
846 2442 906 2473 den

233 2488 372 2520 Frieden
398 2488 597 2530 genehustgt,
630 2499 654 2521 S.
683 2490 736 2528 30,
762 2489 824 2529 433
853 2489 905 2526 33,

977 1311 1033 1349 133
1070 1311 1129 1346 30·
1167 1311 1226 1344 34,
1256 1310 1400 1348 35;43;
1429 1310 1642 1362 37,1{3‚2;

972 1354 1013 1385 ib.
1042 1357 1093 1391 55,
1122 1355 1159 1394 3,
1195 1353 1329 1395 Pomm:
1357 1352 1509 1387 ἐπειδὰν
1533 1352 1552 1386 ὁ
1579 1353 1642 1394 δῆ-

971 1412 1041 1444 μος
1090 1396 1229 1444 κιρώση
1272 1397 1334 1436 Τὰς
1376 1395 1571 1450 (Ῡιαλῑῖμῖεις
1599 1418 1642 1421 —-

971 1448 1175 1484 οοφη]3γ.,οόαυ
1203 1447 1260 1476 (lei
1278 1443 1390 1477 Plural
1414 1444 1478 1476 wie
1507 1446 1559 1484 36,
1587 1446 1642 1485 32,

974 1493 1003 1529 5,
1038 1489 1244 1531 gew'ohnlich
1270 1491 1328 1521 der
1352 1490 1515 1530 Singular.
1540 1509 1583 1512 —
1607 1501 1644 1522 ex

972 1548 1003 1567 eo
1038 1540 1119 1577 εἴα,
1154 1534 1288 1567 Polxmb:
1327 1533 1418 1567 κατὰ
1457 1533 1520 1572 τὰς
1552 1534 1645 1580 πρὸς

973 1580 1036 1614 Toz
1052 1593 1192 1626 πατερα
1208 1589 1275 1613 σι]
1281 1576 1415 1621 λήκαςη
1430 1590 1525 1611 wana
1536 1580 1645 1612 dieser

973 1626 1119 1666 Ve1t11g
1167 1625 1376 1666 geschlossen
1426 1626 1539 1657 wurde
1580 1626 1644 1657 und

973 1671 1105 1703 worauf
1132 1670 1202 1702 sich
1235 1671 1286 1702 (lie
1318 1670 1510 1711 Fordeiung
1542 1671 1644 1711 griin-

974 1718 1046 1748 dete
1086 1717 1130 1748 ist
1159 1716 1248 1747 nicht
1281 1716 1443 1755 bekannt,
1485 1716 1574 1748 viell.
1610 1716 1643 1747 in

973 1762 1076 1803 Folge
1114 1763 1172 1793 der
1205 1763 1263 1801 32,
1302 1763 1338 1801 8,
1385 1763 1425 1795 33
1465 1762 1643 1794 beriihrten

974 1807 1217 1840 Vcrhiiltnisse.

1023 1900 1164 1930 16—18.
1190 1909 1259 1929 eum
1277 1900 1404 1939 pepi9.‚
1438 1896 1495 1928 fut.
1523 1901 1644 1938 exact„

974 1944 1025 1975 die
1051 1943 1200 1983 Stellung
1225 1943 1283 1974 der
1309 1942 1442 1974 Geiseln
1466 1942 1511 1973 ist
1528 1942 1644 1973 kiinst-

974 1989 1039 2020 lich
1058 1989 1117 2020 mit
1140 1990 1198 2020 der
1215 1987 1446 2028 Auslieserung
1465 1987 1644 2019 Hannibals

974 2034 1181 2074 verbunden,
1200 2033 1398 2076 Polyhsagt
1408 2032 1553 2064 einfach:
1574 2031 1644 2066 σὺν

975 2079 1013 2113 δὲ
1048 2076 1190 2116 τούτοις
1222 2079 1293 2118 (den
1326 2079 1462 2119 iibrigen
1490 2078 1644 2110 Leistun-

973 2125 1047 2165 gen)
1066 2124 1230 2167 Ἀννίβαν
1258 2124 1427 2156 ἐκδοῦναι
1457 2142 1500 2145 -
1518 2127 1645 2157 πίστιν

976 2170 1014 2203 δὲ
1037 2169 1176 2203 τούτων
1195 2167 1352 2213 ὁμήρους
1376 2171 1488 2202 εἴκοσι
1513 2169 1646 2202 δοῦναι

974 2220 1047 2255 etc„
1073 2216 1140 2256 vgl.
1166 2217 1219 2254 38,
1250 2217 1303 2255 38,
1332 2215 1383 2248 18.
1405 2233 1448 2236 -
1472 2221 1508 2246 ut
1525 2232 1569 2236 -
1586 2216 1647 2246 erit

966 2264 1070 2303 μέρη,
1094 2263 1147 2300 22,
1163 2262 1215 2302 58,
1236 2262 1267 2302 6,
1281 2259 1345 2291 wie
1357 2262 1457 2300 fidem
1471 2262 1555 2297 dare,
1576 2259 1644 2300 vgl.

975 2309 1027 2347 30,
1057 2308 1109 2347 31,
1145 2308 1174 2339 9.
1200 2324 1240 2328 ——
1268 2308 1412 2345 Thoana,
1448 2307 1501 2345 36,
1528 2305 1580 2337 26.
1602 2323 1646 2326 -

973 2354 1096 2387 comit,
1121 2363 1146 2384 S.
1172 2353 1225 2392 23,
1253 2354 1307 2393 41,
1333 2352 1371 2390 2,
1395 2353 1502 2382 comit.
1527 2368 1569 2372 —
1593 2361 1646 2382 ar-

974 2400 1070 2429 mavit
1094 2398 1152 2428 hat·
1177 2397 1212 2429 L.
1237 2399 1417 2437 zugesem
1440 2414 1483 2417 —
1499 2397 1645 2435 Mnasil„

976 2444 1029 2480 36,
1060 2444 1110 2482 12,
1140 2445 1170 2476 4.
1198 2460 1243 2466 -
1269 2443 1351 2473 Pha.
1377 2451 1400 2472 e.
1429 2442 1591 2480 Eubulid„
1619 2451 1645 2472 s.

977 2489 1030 2526 38,
1064 2489 1116 2521 38.
1155 2490 1192 2521 18
1221 2499 1251 2519 u.
1282 2486 1418 2528 Polyb.,
1455 2485 1488 2517 L.
1514 2487 1573 2517 hat
1599 2485 1647 2517 sie
