1715 2723
161 319 201 353 14

160 488 199 521 15

159 601 199 634 16

159 714 197 745 17

158 882 198 915 18

679 99 802 132 LIBER
818 99 979 134 XXXIV.
1005 99 1097 132 CAP.
1116 100 1169 133 62.
1482 115 1506 132 a.
1523 114 1550 131 n.
1565 107 1626 132 551.

227 213 297 253 per
317 200 625 252 opportunitates
645 213 750 241 nunc
769 201 867 247 illos,
888 214 993 242 nunc
1012 214 1122 253 reges
1143 200 1400 241 Numidarum
1420 214 1627 253 usurpasse

226 258 297 302 ius,
322 269 553 308 semperque
572 269 691 309 penes
711 271 801 297 eum
822 259 1112 310 possessionem
1134 258 1275 303 fuisse,
1305 259 1371 309 qui
1396 258 1482 310 plus
1510 258 1628 297 armis

226 313 429 365 potuisset.
470 313 577 352 euius
599 314 834 353 condicionis
854 327 916 354 res
935 315 1063 361 fuerit,
1084 314 1311 366 priusquam
1331 314 1462 354 hostes
1482 315 1628 354 Roma-

226 369 288 408 nis
309 369 659 421 Carthaginienses,
688 371 815 410 socius
836 376 952 423 atque
980 371 1127 410 amicus
1146 383 1215 409 rex
1234 369 1491 410 Numidarum
1513 375 1627 416 esset,

227 426 309 464 eius
330 426 501 465 sinerent
521 439 619 473 esse,
642 439 714 466 nec
734 440 774 466 se
795 427 1098 479 interponerent,
1121 439 1197 478 quo
1219 426 1371 473 minus,
1395 427 1459 478 qui
1479 432 1626 478 posset,

225 487 388 521 teneret.
428 483 655 533 responderi
674 483 806 535 legatis
827 485 1029 534 utriusque
1056 483 1175 535 partis
1204 482 1345 533 placuit
1373 484 1560 521 missuros
1588 495 1628 521 se

227 538 267 576 in
286 538 467 585 Africam,
490 539 555 590 qui
575 539 677 578 inter
705 540 892 591 populum
920 539 1271 591 Carthaginiensem
1300 543 1339 577 et
1365 551 1492 590 regem
1521 538 1558 577 in
1587 550 1629 577 re

225 595 421 646 praesenti
442 595 714 647 disceptarent.
751 596 859 635 missi
881 597 922 635 P.
945 596 1073 647 Scipio
1094 595 1294 634 Africanus
1311 600 1350 634 et
1367 595 1405 634 C.
1428 594 1627 634 Cornelius

227 651 417 702 Cethegus
439 656 477 689 et
497 651 544 690 M.
566 651 756 691 Minucius
778 653 901 691 Rufus
923 653 1050 692 audita
1071 652 1321 703 inspectaque
1338 664 1378 690 re
1396 651 1524 690 omnia
1539 663 1627 689 sus-

226 719 343 758 pensa
373 713 510 746 neutro
537 707 726 746 inclinatis
751 709 951 747 sententiis
966 708 1168 759 reliquere.
1200 708 1236 746 id
1252 713 1386 746 utrum
1403 720 1472 746 sua
1489 712 1627 758 sponte

224 763 400 809 fecerint,
423 775 472 802 an
493 763 580 814 quia
602 764 829 803 mandatum
850 765 900 803 ita
915 764 1044 810 fuerit,
1067 769 1238 802 nontam
1258 769 1405 802 certum
1423 769 1492 808 est,
1511 775 1626 812 quam

226 819 373 858 videter
399 819 565 870 tempori
593 825 728 870 aptum
758 820 897 866 fuisse,
921 820 1068 870 integro
1090 819 1300 858 certamine
1327 832 1391 858 eos
1420 819 1624 870 relinquit:

225 887 314 914 nam
337 875 376 914 ni
398 876 447 914 ita
468 880 583 921 esset,
605 887 706 914 unus
730 876 858 927 Scipio
880 876 937 915 vel
958 875 1094 914 notitia
1109 876 1165 914 rei
1181 876 1238 914 vel
1254 875 1491 920 auctoritate,
1512 875 1563 914 ita
1580 875 1626 913 de

225 932 399 982 utrisque
415 931 588 978 meritus,
610 932 720 971 finire
740 939 840 971 nutu
861 932 1180 983 disceptationem
1202 932 1402 983 potuisset.

961 1044 1026 1074 und
1044 1042 1164 1083 stelle,
1188 1043 1246 1081 40,
1269 1043 1318 1082 17,
1340 1042 1366 1074 1.
1383 1061 1428 1066 -
1447 1042 1624 1085 Cethegus,

962 1099 989 1119 c.
1008 1089 1067 1125 44;
1093 1088 1235 1127 Minue„
1253 1098 1280 1119 c.
1300 1087 1359 1128 533
1383 1087 1454 1119 also
1473 1089 1549 1119 sehr
1566 1098 1624 1119 an-

224 1042 359 1074 zinsbar
374 1053 538 1083 gewesen,
556 1054 581 1075 s.
597 1041 714 1074 lustin.
735 1043 786 1083 19,
808 1044 835 1083 1,
854 1043 889 1074 3:

224 1087 387 1120 adversus
404 1089 517 1130 Afros
538 1107 560 1111 —
584 1088 728 1130 vectigal
740 1099 802 1131 pro
820 1088 888 1120 solo

224 1134 320 1165 vrbis
343 1152 364 1155 -
387 1136 578 1176 repetentes
600 1133 813 1173 dimicatum,
842 1134 887 1165 ib.

226 1178 257 1217 2,
276 1179 312 1208 4:
329 1178 420 1219 Afri
433 1179 599 1221 compulsi
611 1178 815 1221 stipendium
830 1189 888 1210 117·-

225 1223 275 1254 bis
298 1223 451 1254 conditae
475 1223 812 1265 Carllmginz'ensz'bus
835 1234 887 1255 re.-

223 1269 376 1305 mittere,
403 1269 496 1300 hatte
526 1268 594 1299 sich
619 1269 698 1299 aber
723 1269 806 1300 dann
831 1269 887 1300 be-

224 1311 302 1344 sreit
332 1313 397 1344 und
421 1314 478 1344 (las
501 1313 592 1344 Land
616 1324 688 1345 zum
712 1314 807 1345 The—il
830 1314 887 1345 be-

222 1357 394 1395 heri-seht,
423 1369 449 1389 s.
475 1369 514 1389 zu
537 1358 557 1400 ξ
582 1358 617 1395 3;
648 1358 782 1390 Movers
806 1358 888 1397 3973

224 1403 300 1434 451.
317 1420 361 1425 —
377 1414 429 1442 se,
447 1402 544 1435 dasiir
561 1403 663 1435 haben
682 1404 711 1434 d.
730 1404 804 1436 Hss.
823 1414 889 1445 eos,

221 1447 294 1478 hier
318 1448 384 1478 wol
408 1458 466 1479 aus
490 1449 560 1479 dem
577 1448 785 1489 Vox-bergen.
808 1449 889 1480 wie-

221 1492 368 1530 derholt,
386 1493 452 1533 vgl.
474 1493 511 1524 31
525 1517 532 1529 ,
553 1494 610 1532 11,
631 1494 681 1525 12.
700 1511 743 1516 —
757 1504 821 1535 per
837 1503 888 1536 op.

221 1555 242 1559 —
265 1547 402 1580 usurp„
426 1548 451 1569 s.
478 1548 506 1569 e.
527 1538 585 1577 58,
612 1539 663 1569 10.
683 1556 724 1560 —
743 1548 802 1569 nec
818 1553 839 1564 =
856 1541 890 1569 et

221 1592 272 1620 ne,
293 1582 345 1621 31,
365 1582 488 1621 21,13.

271 1627 400 1658 15—18.
426 1627 639 1670 responderi,
664 1628 716 1659 die
740 1627 889 1660 Gesand-

223 1676 277 1702 ten
305 1671 409 1703 haben
441 1672 510 1703 sich
540 1672 696 1705 entsernt.
728 1691 765 1695 —
796 1675 829 1704 in.
853 1683 889 1705 re

222 1726 353 1757 praes„
370 1717 411 1748 da
428 1728 479 1749 wo
498 1718 549 1748 die
568 1718 671 1749 Sache
690 1719 750 1757 ist,
769 1728 809 1749 an
827 1718 889 1750 Ort

961 1134 1122 1174 gesehene
1141 1132 1288 1164 M‘inner.
1308 1151 1351 1156 —
1369 1134 1530 1176 suspecta,
1547 1143 1573 1164 s.
1592 1133 1623 1171 4,

961 1179 1014 1217 36,
1033 1179 1063 1210 4.
1095 1181 1211 1210 utrum
1231 1182 1305 1217 ete„
1322 1177 1443 1210 Zonar
1464 1178 1623 1220 1.1.;με-

959 1202 1097 1268 rfc’opov
1114 1222 1177 1264 τὴν
1193 1220 1334 1273 ἒχῖρὰν
1352 1221 1395 1254 αι’·
1403 1223 1469 1255 τῶν
1485 1223 1623 1254 κατέλι-

961 1279 1046 1308 πεν,
1071 1269 1107 1300 ἱί
1144 1266 1312 1307 ἀλλήλοις
1329 1267 1623 1319 τειῗιαᾳέροιντο

960 1313 1019 1345 καὶ
1043 1312 1173 1355 μηδεὶς
1197 1310 1314 1345 (tzirah
1337 1311 1398 1344 διὰ
1421 1311 1487 1354 τὴν
1503 1314 1626 1357 κρίσιν

960 1356 1050 1389 κατὰ
1073 1357 1260 1401 Ῥωμαίων
1289 1354 1484 1399 (insignito.
1508 1375 1552 1380 —
1573 1358 1624 1388 ἰη-

960 1406 1057 1445 teg-10
1087 1402 1428 1443 c.,Wiedo1·holung
1457 1413 1520 1434 von
1548 1413 1623 1434 sets-

958 1459 1065 1491 pensa
1092 1463 1113 1474 =
1142 1459 1205 1479 non
1240 1448 1383 1479 iudicata
1406 1448 1475 1479 lite.
1500 1465 1542 1469 —
1564 1457 1624 1478 no-

960 1494 1054 1531 titia,
1079 1493 1114 1524 31
1130 1517 1138 1531 ,
1157 1493 1209 1531 21,
1232 1493 1283 1524 11.
1301 1510 1344 1515 -
1359 1494 1505 1524 meritus
1521 1492 1623 1523 durch

962 1537 1015 1569 die
1033 1537 1219 1579 Erhaltung
1236 1537 1438 1579 Carthagos‚
1457 1537 1509 1568 die
1528 1536 1625 1568 Wie-

963 1583 1219 1624 ‹lereinsetzung
1246 1582 1442 1614 Masinissas
1477 1582 1541 1614 und
1570 1581 1623 1614 die

962 1627 1194 1668 Erweiterung
1230 1628 1338 1659 seines
1371 1627 1525 1659 Reiehes:
1564 1628 1623 1659 der

962 1672 1086 1704 Zusatz
1114 1673 1233 1713 gehtirt
1261 1673 1420 1704 zuntichst
1445 1683 1486 1703 zu
1507 1675 1621 1703 ancto-

962 1720 1075 1750 ritate.
1095 1736 1137 1740 —
1154 1720 1250 1757 nutu,
1269 1719 1300 1756 ἵ,
1318 1719 1370 1757 30,
1391 1718 1443 1749 20.
