1715 2723
188 146 240 188 36
606 142 731 175 LIBER
755 142 903 176 xxxv.
936 141 1028 175 CAP.
1053 143 1107 176 22.
1131 143 1186 176 23.
1452 150 1479 168 a·
1499 150 1527 169 u.
1545 141 1616 170 562.

190 255 274 288 tum
297 247 605 298 opulentumque
625 244 748 283 vineis
771 245 1004 296 expugnavit
1023 250 1059 284 et
1078 244 1248 283 nobilem
1267 245 1446 296 regulum
1465 246 1615 285 Conri-

152 306 172 338 6
190 305 361 344 hilonem
380 303 514 340 vivum
534 301 644 352 cepit,
666 305 702 339 et
722 300 771 339 M.
791 301 951 340 Fulvius
972 301 1185 351 proconsul
1205 313 1293 340 cum
1316 301 1470 340 duobus
1490 314 1608 341 exer-

192 361 328 400 citibus
357 358 528 397 hostium
559 358 636 396 duo
666 357 836 396 secunda
857 357 1002 408 proelia
1025 357 1125 404 fecit,
1146 357 1287 408 oppida
1309 357 1386 396 duo
1409 358 1613 409 Hispano-

190 429 292 462 rum,
321 414 532 454 Vesceliam
553 414 834 463 Helonemque,
865 419 901 453 et
931 414 1081 452 castella
1112 413 1231 452 multa
1253 414 1507 464 expugnavit3
1538 415 1613 454 alia,

153 477 170 507 7
191 473 386 511 voluntate
415 470 462 509 ad
493 482 583 509 eum
615 470 852 508 defecerunt.
904 475 985 508 tum
1019 471 1060 509 in
1091 470 1278 508 Oretanos
1310 481 1542 520 progressus
1572 476 1610 510 et

190 529 243 568 ihi
274 527 429 567 duobus
459 527 602 577 potitus
624 526 787 577 oppidis,
816 526 952 565 Noliba
984 531 1020 565 et
1042 525 1184 573 Cusibi,
1213 526 1260 564 ad
1284 525 1433 577 Tagum
1452 538 1611 565 amnem

154 590 172 622 8
190 586 246 625 ire
271 584 406 636 pergit.
449 583 627 622 Toletum
658 582 710 621 ihi
740 594 857 633 parva
882 582 977 621 urbs
1008 588 1087 621 erat
1117 582 1184 621 sed
1212 582 1298 620 loco
1320 582 1482 621 munito.
1523 595 1607 621 eam

193 654 283 680 cum
306 645 559 691 oppugnaret,
589 639 797 678 Vettonum
819 651 982 689 magnus
1004 639 1194 677 exercitus
1216 638 1410 677 Toletanis
1433 638 1610 677 subsidio

192 697 308 736 venit.
336 708 426 735 cum
447 696 493 735 iis
515 696 634 746 signis
656 695 799 734 collatis
824 707 1012 746 prospere
1042 695 1228 746 pugnavit
1257 701 1293 734 et
1313 694 1410 733 fusis
1432 695 1615 733 Vettoni-

192 754 266 793 bus
288 752 472 804 operibus
495 752 674 790 Toletum
697 751 808 801 cepit.

308 810 487 848 Ceterum
503 820 547 846 eo
568 814 744 858 tempore
768 807 897 845 minus
919 819 961 845 ea
980 806 1087 853 bella,
1109 819 1206 857 quae
1230 806 1473 858 gerebantur,
1494 818 1617 845 curae·

193 865 368 917 patribus
399 870 507 903 erant
536 876 654 914 quam
680 863 889 913 expectatio
921 863 1099 901 nondum
1140 863 1265 914 coepti
1300 875 1390 901 cum
1417 863 1611 902 Antiocho

155 928 174 959 2
194 922 294 961 belli.
312 933 403 960 nam
420 920 489 959 etsi
509 932 579 970 per
598 920 742 970 legatos
765 918 976 957 identidem
1000 919 1128 957 omnia
1149 919 1460 969 explorabantur,
1480 924 1610 958 tamen

193 990 374 1017 rumores
404 983 549 1015 temere
577 976 660 1014 sine
687 975 773 1013 ullis
804 974 1025 1013 auctoribus
1047 975 1120 1013 orti
1145 975 1264 1013 multa
1292 975 1386 1013 falsa
1414 975 1515 1014 veris
1535 975 1617 1013 mi-

157 1048 175 1079 3
195 1034 364 1073 scebant.
395 1033 496 1071 inter
523 1044 620 1083 quae
646 1031 814 1070 adlatum
838 1036 928 1077 erat,
952 1043 1041 1069 cum
1066 1031 1107 1069 in
1131 1031 1318 1069 Aetoliam
1340 1031 1510 1070 venisset
1528 1031 1615 1069 An-

155 1106 176 1137 4
197 1091 358 1136 tiochus‚
381 1088 572 1139 extemplo
594 1088 754 1126 classem
780 1099 870 1125 eum
900 1087 939 1125 in
963 1087 1128 1125 Siciliam
1149 1087 1373 1126 missurum.
1394 1088 1523 1138 itaque
1548 1099 1617 1126 se·-

195 1152 320 1193 natus,
351 1145 421 1184 etsi
447 1150 665 1196 praetorem
695 1144 854 1182 Atilium
885 1155 975 1182 cum
1006 1143 1126 1182 classe
1156 1144 1312 1182 miserat
1338 1144 1378 1182 in
1405 1143 1615 1190 Graeciam,

158 1217 177 1248 5
196 1209 337 1249 tamen,
357 1202 446 1253 quia
467 1213 548 1239 non
571 1201 691 1251 copiis
716 1200 833 1238 modo
862 1200 928 1238 sed
952 1200 1065 1238 etiam
1090 1200 1313 1239 auctoritate
1339 1212 1438 1251 opus
1465 1205 1545 1239 erat
1565 1199 1613 1238 ad

195 1259 385 1298 tenendos
409 1257 606 1296 sociorum
627 1257 790 1303 animos,
811 1257 855 1295 T.
874 1257 1099 1304 Quinctium
1121 1262 1157 1295 et
1176 1256 1243 1295 Cn.
1264 1256 1465 1295 Octavium
1488 1261 1525 1295 et
1545 1256 1619 1295 Cn.
1654 1254 1663 1262 ’

117 810 174 850 23

194 1393 219 1414 s.
240 1380 364 1413 Uckert
390 1391 419 1422 p.
447 1381 524 1414 432.
546 1390 758 1419 -proeons.‚
785 1389 811 1410 c.
842 1381 870 1418 1,

197 1429 235 1470 ὃς
255 1428 309 1466 36,
329 1428 359 1466 2,
381 1427 410 1459 8.
429 1443 472 1447 -
495 1427 608 1457 Vesaec.
637 1424 717 1465 (vgl.
743 1426 796 1464 23,
816 1426 870 1463 37,

197 1471 254 1509 12)
289 1473 414 1511 Helon„
447 1470 602 1502 scheinen
635 1474 727 1501 sonst
752 1470 871 1501 ebenso

197 1516 307 1558 wenig
323 1517 469 1548 bekannt
495 1526 535 1547 zu
555 1515 625 1547 sein
643 1515 692 1546 als
710 1515 767 1547 das
792 1514 870 1555 folg.

196 1565 315 1595 Noliba
330 1562 396 1593 und
416 1563 531 1594 Cusibi.
547 1578 593 1584 -—
612 1563 744 1600 volum„
765 1571 790 1592 s.
816 1561 870 1599 36,

200 1610 250 1648 12,
280 1610 309 1640 6.
336 1625 380 1630 —
416 1609 511 1647 Oret„
544 1606 575 1637 in
610 1606 709 1637 deren
735 1604 871 1637 Gebiete

196 1653 242 1684 ist
265 1663 293 1684 c.
322 1655 353 1692 7,
383 1654 399 1684 7
429 1651 622 1691 Flaminius,
648 1650 681 1682 in
713 1651 771 1682 der
795 1660 873 1692 pro-

197 1698 307 1728 vincia
341 1696 487 1737 citerior,
522 1696 654 1737 thiitig3
691 1706 749 1727 aus
783 1696 872 1727 dem-

196 1743 309 1775 selben
332 1742 424 1773 wiire
457 1741 594 1773 Fulvius
626 1742 709 1772 nach
740 1740 873 1772 Norden

198 1789 232 1819 in
256 1789 314 1819 das
339 1788 397 1819 der
421 1786 635 1829 Carpetwer,
657 1786 690 1817 in
714 1786 874 1818 welchem

197 1833 348 1865 Toletum
362 1833 428 1873 lag,
456 1842 699 1873 vorgegangen.
718 1849 761 1854 —
780 1834 874 1864 Tolet.

199 1882 260 1910 etc.
303 1878 347 1910 ist
379 1878 478 1909 sehon
512 1888 539 1910 c.
574 1879 590 1909 7
624 1877 658 1908 in
686 1881 790 1908 etwas
815 1887 875 1907 an-

198 1924 308 1955 derem
319 1923 632 1962 Zusammeuhange,
647 1921 873 1954 wahrschein-

198 1969 266 2000 lich
290 1969 378 2010 nach¹
397 1968 489 2000 einer
514 1968 657 1999 anderen
677 1967 792 2009 Quelle
818 1977 873 1998 er-

199 2014 291 2045 zahlt
315 2014 460 2045 worden.
487 2031 528 2034 —
554 2016 617 2045 loco
643 2024 695 2051 m,
728 2012 811 2044 Plin.
841 2014 872 2052 3,

200 2061 231 2099 3,
265 2060 325 2091 25:
358 2061 502 2091 Toletani
523 2061 606 2099 Taya
631 2060 769 2099 flumini
810 2061 872 2090 im-

191 2106 299 2144 positi.

247 2145 423 2185 23—24.
471 2147 761 2189 Vorbereitungeu
802 2158 874 2179 zum

200 2192 340 2235 Kriege,
381 2192 527 2225 &Vahlen
568 2193 601 2224 in
637 2192 728 2224 Rom.
791 2192 872 2235 App.

199 2239 274 2282 Syr.
307 2241 364 2279 153
393 2237 479 2270 Plut.
503 2237 569 2270 Tit.
599 2240 648 2271 15.

249 2285 345 2317 1—3.
384 2295 479 2316 curae
502 2295 558 2323 er„
596 2285 649 2323 34,
677 2284 730 2323 32,
761 2286 790 2323 5,
817 2284 874 2315 der

201 2328 414 2370 Gegenstand
434 2330 492 2360 der
511 2329 614 2369 Sorge
634 2338 706 2359 war
719 2328 873 2360 nichtso-

200 2375 268 2406 wol
293 2374 344 2406 die
363 2377 530 2414 expectatio
550 2374 600 2405 als
617 2374 675 2405 der
695 2378 874 2406 erwartete

201 2418 312 2461 Rrieg.
345 2438 387 2442 —
419 2422 519 2461 coepti
540 2431 619 2459 omn,
652 2421 705 2459 24,
732 2420 785 2459 48,
816 2420 873 2452 13:

201 2476 271 2497 cum
292 2466 433 2505 Syphace
457 2483 502 2487 —
528 2471 632 2504 coepta
659 2466 799 2496 amicitia
820 2471 873 2496 est.

201 2528 244 2531 —
270 2513 328 2542 etsi
354 2528 397 2533 -—-
423 2517 525 2543 tamen
551 2510 596 2541 ist
624 2509 794 2549 unsicher‚
821 2510 872 2541 die

200 2555 337 2587 meisten
370 2555 441 2588 Hss.
473 2556 579 2587 haben
610 2562 638 2588 et
670 2566 730 2595 per
760 2558 874 2597 leyatos

940 1396 985 1401 —-
1017 1385 1045 1411 et
1074 1381 1162 1420 quod
1181 1390 1341 1420 rumores,
1375 1378 1466 1411 viell.
1492 1388 1564 1410 war
1587 1385 1620 1410 et

934 1435 995 1463 per
1020 1427 1133 1465 leqatos
1153 1442 1195 1447 —
1215 1431 1243 1457 et
1266 1431 1369 1457 tamen
1393 1435 1537 1457 rumores
1556 1433 1617 1465 ge-

940 1469 1125 1509 schrieben,
1150 1480 1174 1501 s.
1200 1471 1255 1510 21,
1282 1471 1313 1510 3,
1341 1471 1378 1509 33
1404 1472 1458 1509 40,
1484 1471 1539 1510 47,
1563 1471 1617 1503 10.

941 1533 983 1537 -
1012 1517 1179 1547 identidem
1210 1519 1297 1547 setzt
1321 1514 1385 1547 wie
1412 1516 1465 1555 36,
1494 1516 1525 1554 3,
1557 1516 1617 1548 10;

941 1562 1052 1592 totiens
1089 1561 1182 1592 mehr
1217 1560 1266 1592 als
1304 1560 1355 1592 die
1395 1560 1479 1591 zwei
1511 1570 1537 1592 c.
1574 1561 1617 1593 13

941 1605 1005 1637 und
1039 1606 1099 1645 33,
1129 1606 1191 1645 39,
1220 1605 1287 1646 vgl.
1315 1607 1375 1645 34,
1402 1607 1465 1645 57,
1490 1607 1531 1645 4,
1559 1615 1616 1637 er·-

942 1651 1098 1682 w'zihuten
1113 1649 1412 1682 Gesandtschaften
1426 1660 1558 1691 voraus,
1578 1661 1616 1682 so

942 1696 1017 1727 dass
1067 1705 1107 1726 an
1159 1695 1250 1727 einer
1296 1695 1467 1727 ‹lerselben
1506 1695 1617 1738 Scipio

942 1740 1039 1772 Theil
1064 1741 1201 1772 nehmen
1225 1741 1364 1781 konnte,
1390 1752 1415 1772 s.
1441 1751 1466 1772 c.
1497 1742 1556 1782 14,
1584 1744 1616 1774 5.

943 1805 987 1809 —-
1003 1793 1123 1826 temere,
1151 1786 1233 1818 ohne
1259 1785 1347 1818 allen
1363 1785 1488 1826 Grund,
1514 1786 1619 1818 durch-

945 1832 1001 1863 das
1028 1830 1120 1871 Folg.
1147 1831 1284 1862 erkliirt.
1309 1849 1354 1854 ——
1378 1834 1460 1863 inter
1482 1843 1524 1873 q.,
1559 1833 1614 1872 22,

946 1879 1006 1917 57,
1043 1878 1080 1909 6:
1120 1878 1204 1908 inter
1235 1888 1315 1918 quae
1338 1878 1449 1910 Gallus
1471 1883 1498 1909 et
1524 1878 1617 1909 Galla

941 1924 1007 1954 vivi
1043 1924 1169 1954 demtis-si
1206 1928 1300 1962 sunt,
1335 1934 1416 1963 quae
1447 1922 1526 1963 geht
1559 1920 1624 1954 auf

932 1969 1038 2008 falsa.
1057 1985 1100 1990 —
1126 1970 1277 2001 venisset:
1304 1977 1401 1999 wenu
1425 1977 1461 1999 er
1480 1985 1525 1989 —
1543 1967 1617 1999 sein

941 2012 1065 2044 wiirde.

988 2104 1087 2136 4—9.
1112 2103 1212 2143 Atia,
1250 2113 1276 2134 c.
1301 2104 1356 2143 22,
1383 2104 1413 2136 2.
1441 2118 1481 2124 -
1506 2105 1617 2144 copiiS,

942 2148 1045 2179 durch
1077 2146 1349 2190 Truppenmacht,
1383 2147 1444 2179 mit
1467 2146 1619 2188 Gewalt3

945 2200 1080 2233 auctor„
1117 2193 1219 2225 durch
1246 2192 1525 2225 Geltendmachen
1558 2193 1619 2225 der

945 2238 1074 2270 Wiirde
1112 2239 1168 2271 des
1204 2238 1342 2271 Senates
1379 2237 1439 2270 auf
1471 2238 1523 2270 die
1548 2237 1616 2270 Ge-

944 2284 1072 2315 miither
1095 2283 1328 2316 einzuwirken.
1362 2301 1405 2306 —
1429 2285 1561 2323 emend„
1588 2294 1618 2315 s.

945 2331 998 2369 34,
1042 2330 1096 2369 27,
1138 2331 1167 2363 3.
1201 2332 1323 2369 socier„
1369 2329 1427 2361 der
1451 2328 1511 2360 mit
1533 2327 1616 2360 Rom

944 2374 1171 2407 verbiindeten
1202 2373 1381 2414 Grieehen,
1415 2374 1482 2414 vgl.
1508 2383 1534 2405 c.
1559 2375 1615 2414 20,

946 2421 995 2453 13.
1021 2437 1064 2441 -
1098 2421 1239 2460 Quinem,
1272 2418 1358 2451 Plut.
1382 2423 1483 2450 neunt
1504 2418 1615 2451 diesen

942 2464 1062 2506 allein3
1100 2468 1216 2505 Octav.‚
1243 2466 1296 2504 34,
1322 2467 1382 2504 453
1410 2465 1534 2505 Servii„
1560 2465 1615 2504 33,

942 2512 996 2550 47,
1025 2512 1063 2550 7,
1090 2512 1143 2551 30,
1169 2512 1230 2550 243
1263 2512 1348 2550 Vin„
1375 2520 1400 2541 c.
1423 2511 1473 2549 13,
1496 2511 1527 2550 6,
1548 2508 1614 2550 vgl.

942 2566 968 2587 c.
995 2557 1049 2596 39,
1077 2566 1129 2587 wo
1154 2566 1190 2588 er
1215 2555 1315 2587 allein
1335 2554 1429 2586 nebst
1444 2553 1620 2596 Quinctius
