1715 2723
176 120 258 163 100

604 116 730 150 LIBER
753 114 918 150 XXXVI.
951 114 1043 148 CAP.
1071 117 1101 150 8.
1130 118 1160 150 9.

1440 124 1466 143 a.
1484 124 1512 143 u.
1531 115 1595 143 563.

174 234 271 261 num
299 222 346 261 ad
374 221 535 271 legenda
565 232 652 258 ossa
675 220 931 260 Macedonum
953 220 1054 259 circa
1075 219 1395 271 Cynoscephalas,
1425 219 1493 259 ubi
1524 219 1592 259 de-

134 296 156 327 4
174 279 356 317 bellatum
389 282 469 315 erat
494 288 585 315 cum
604 275 798 327 Philippo,
826 276 942 324 misit,
973 277 1055 316 sive
1084 275 1131 314 ab
1161 276 1260 326 1Ρ5ο,
1291 282 1501 326 quaerente
1519 275 1593 315 sibi

175 333 555 373 commendationem
575 332 622 371 ad
645 332 903 372 Macedonum
925 338 1080 384 gentem
1102 337 1139 371 et
1158 331 1345 371 invidiam
1364 332 1456 383 regi,
1487 332 1595 384 quod

173 390 389 440 insepultos
418 389 557 427 milites
576 388 807 439 reliquisset,
827 390 1012 435 monitus,
1036 389 1116 428 sive
1137 388 1184 427 ab
1205 388 1319 427 insita
1337 388 1493 439 regibus
1523 401 1592 427 va-

134 461 153 492 5
173 447 289 485 nitate
311 446 358 484 ad
378 445 582 484 consilium
602 445 730 496 specie
750 446 934 497 amplum,
964 458 1007 484 re
1028 445 1144 484 inane
1163 445 1294 483 animo
1317 444 1476 483 adiecto.

1526 450 1592 483 tu-

173 502 304 541 mulus
325 507 382 540 est
402 502 443 540 in
466 513 591 540 unum
614 501 780 549 ossibus,
812 513 910 552 quae
931 502 1076 553 passim
1099 506 1216 540 strata
1236 506 1354 547 erant,
1386 513 1592 540 coacerva-

171 559 219 597 tis
246 559 382 605 factus,
411 558 477 608 qui
507 558 652 596 nullam
683 558 843 608 gratiam
870 558 917 597 ad
944 558 1186 604 Macedonas,
1215 557 1348 596 odium
1377 557 1514 608 ingens
1544 557 1593 595 ad

133 627 153 659 6
172 614 396 665 Philippum
425 614 556 653 movit.
597 615 728 664 itaque
748 615 815 665 qui
835 614 882 653 ad
904 614 943 653 id
962 619 1117 665 tempus
1139 616 1337 652 fortunam
1361 619 1461 652 esset
1481 612 1592 652 habi-

170 676 284 710 turus
305 671 348 709 in
370 670 544 717 consilio,
565 670 597 709 is
620 671 813 722 extemplo
835 671 882 709 ad
894 671 943 710 M.
954 670 1141 709 Baebium
1162 674 1457 721 propraetorem
1478 669 1594 716 misit,

169 727 407 766 Antiochum
438 727 478 765 in
502 727 738 765 Thessaliam
769 727 959 778 impetum
980 727 1130 774 fecisse,
1161 727 1194 766 si
1214 726 1410 765 videretur
1430 726 1476 773 ei,
1500 738 1591 764 mo-

169 788 277 822 veret
287 795 334 822 ex
342 782 536 830 hibernis3
558 795 599 822 se
611 782 765 822 obviam
777 795 1069 834 processurum,
1092 788 1145 829 ut,
1168 783 1261 834 quid
1273 782 1469 833 agendum
1481 788 1592 829 esset,

170 839 445 878 consultarent.

283 895 474 934 Antiocho
495 895 543 933 ad
565 894 710 933 Pheras
731 895 808 933 iam
829 900 951 933 castra
971 894 1136 942 habenti,
1167 894 1234 933 ubi
1255 894 1539 933 coniunxerant
1559 894 1594 934 ei

173 964 214 990 se
244 951 369 990 Aetoli
399 958 436 990 et
464 950 727 1002 Amynander,
757 951 868 1001 legati
899 950 945 989 al)
969 950 1101 989 Larisa
1130 956 1322 989 venerunt
1351 957 1592 1001 quaerentes,

132 1027 152 1059 2
173 1007 279 1058 quod
303 1007 352 1045 oh
376 1008 522 1046 factum
538 1007 732 1045 dictumve
744 1007 1024 1045 Thessalorum
1039 1007 1138 1045 bello
1158 1007 1363 1045 lacesseret
1375 1019 1453 1053 eos,
1476 1006 1592 1045 simul

173 1069 338 1110 orantes,
370 1069 413 1102 ut
434 1069 585 1102 remoto
608 1063 778 1102 exercitu
800 1075 870 1114 per
890 1063 1046 1114 legatos,
1068 1063 1100 1102 si
1123 1063 1215 1114 quid
1240 1063 1273 1102 ei
1294 1063 1501 1109 videretur,
1527 1075 1590 1101 se—

172 1220 226 1259 33,
254 1221 283 1251 7.
299 1236 342 1241 —
358 1220 403 1250 ad
425 1220 479 1260 leq.
507 1229 577 1251 ossa
600 1222 675 1258 etc„
700 1219 752 1250 die
773 1218 845 1250 Mo-

171 1264 242 1296 tive
278 1264 334 1296 des
367 1264 588 1303 verkehrten,
618 1264 703 1297 ,116111
738 1263 845 1295 Rathe

171 1309 394 1341 Hannibalsc
377 1319 403 1340 c.
432 1311 451 1341 7
479 1309 600 1349 gerade
620 1313 845 1350 entgegenge-

169 1358 297 1387 setzten
334 1320 538 1386 Ver-faiuens
573 1354 707 1386 welden
744 1355 777 1385 in
809 1357 847 1386 ab

168 1403 238 1440 ipso
254 1418 295 1422 -—
315 1401 385 1441 φερε·
401 1399 603 1441 angegeben,
629 1399 749 1431 ebenso
757 1399 845 1451 App.

170 1456 196 1476 c.
218 1447 275 1478 16·
304 1444 566 1497 δημοκοπῶν
550 1457 585 1482 ἐς
604 1441 844 1485 Μακεδόιας,

169 1492 233 1523 καὶ
262 1491 459 1523 Φίλιππον
484 1487 611 1527 αὐτοῖς
635 1489 847 1532 διαβάλλων

169 1540 302 1568 616-
325 1537 363 1566 ab
400 1537 485 1574 ipso,
523 1535 581 1566 der
607 1534 771 1575 [11--1161161,
809 1538 846 1568 ab

170 1584 232 1614 ins.
258 1581 291 1612 in
306 1579 420 1620 Folge.
446 1583 514 1620 ipso
542 1580 641 1620 kann,
665 1581 705 1611 da
730 1583 766 1612 ab
790 1584 845 1613 in-

169 1629 232 1659 sita
273 1629 334 1657 etc.
378 1625 650 1666 eutgegensteht,
694 1636 756 1657 nur
791 1625 849 1657 auf

169 1671 254 1703 Phil.
277 1670 439 1712 Megalop.
465 1671 609 1711 bezogen
633 1671 786 1713 werden,
812 1682 845 1703 eo

169 1716 425 1748 hinzuzusetzen
459 1726 530 1747 war
551 1716 643 1747 nicht
668 1717 844 1748 nothwen—

169 1761 244 1802 dig,
277 1762 319 1792 da
344 1761 401 1792 der
430 1761 646 1793 Bezeichnete
673 1762 754 1793 eben
784 1771 842 1803 ge-

170 1811 273 1838 nannt
297 1806 359 1848 ist,
395 1817 419 1839 5.
454 1805 512 1846 10,
542 1808 580 1847 6,
610 1808 666 1847 10,
695 1807 763 1847 vgl.
789 1808 843 1849 38,

169 1854 232 1894 49,
262 1854 312 1885 11.
340 1869 380 1874 —
406 1853 468 1883 siba·
490 1850 549 1883 auf
570 1852 628 1883 das
656 1851 687 1883 in
714 1855 751 1884 ab
775 1854 844 1892 z'pso

168 1897 320 1938 liegende
366 1896 513 1937 logische
553 1896 644 1937 Subj.
694 1908 733 1929 zu
784 1898 842 1929 be-

169 1943 303 1981 5161166,
329 1943 391 1981 238,
425 1943 479 1983 21,
509 1944 528 1974 3
562 1954 591 1973 u.
624 1953 663 1984 o.,
688 1941 843 1975 Hiihnast

170 1989 223 2020 98.
241 2005 282 2010 ——
310 1990 352 2019 ad
372 1994 467 2028 yma,
492 1997 544 2018 um
571 1987 642 2019 sich
668 1987 766 2019 ihnen
792 1989 840 2020 als

168 2031 277 2073 Kiinig
303 2043 343 2063 zu
368 2031 561 2073 einpfehlen.
587 2051 631 2054 —
656 2035 693 2065 ab
717 2036 788 2075 ins„
814 2045 839 2066 5.

169 2079 231 2119 38,
257 2080 316 2119 50,
350 2078 399 2109 12.
426 2094 471 2100 ——
494 2081 652 2117 amplum,
689 2078 840 2120 umfang-

167 2122 278 2163 reich,
314 2123 507 2154 bedeutend.
533 2141 575 2144 —
600 2126 729 2164 tumul„
758 2124 839 2167 App.

169 2168 311 2201 ἔθαπτε
327 2169 645 2214 μεγαλοπρεπῶς,
663 2168 740 2200 Tac.
755 2169 837 2201 Anu.

172 2217 207 2254 1,
234 2215 295 2246 62:
332 2215 503 2245 extruendo
533 2217 655 2246 tumulo
678 2218 841 2253 caespitem

166 2260 280 2290 Caesar
305 2260 428 2298 posuit.
453 2276 494 2281 —
535 2266 579 2291 est
602 2259 647 2290 ist
672 2258 839 2302 Pra'dicat,

157 2305 270 2343 saccus
295 2303 471 2345 Particip.,
507 2314 532 2335 5.
561 2306 622 2345 35,
650 2306 687 2344 9,
717 2307 753 2345 1·
790 2306 842 2337 die

168 2348 215 2380 W*
219 2349 419 2389 01tstellung
450 2348 495 2380 ist
527 2347 609 2389 fiei3
650 2329 700 2381 (116
726 2350 841 2382 Bezie-

167 2394 255 2434 hung
272 2393 332 2426 auf
348 2372 417 2425 dieo
420 2393 487 2434 Geg
471 2404 564 2425 ⁰eun
568 2374 621 2426 ar⁷t
639 2395 705 2426 wol
722 2394 838 2427 Polvb.

167 2439 324 2470 entlehnt.
338 2442 439 2480 quin.
454 2439 570 2471 (1655611
586 2439 706 2472 Dasein
727 2442 839 2483 schem

164 2488 207 2514 st.
233 2496 295 2526 quo
312 2486 405 2525 facto
428 2486 606 2517 Antiochus
631 2490 692 2517 ete.
711 2488 839 2527 —for-

163 2536 232 2561 tem.
266 2533 301 2561 in
333 2542 357 2562 ο.
390 2532 478 2571 hab„
505 2541 544 2562 zu
570 2530 677 2562 Rathe
710 2531 837 2573 zichen,

914 1218 988 1250 sich
1015 1218 1117 1250 leiten
1137 1219 1248 1250 lassen
1265 1228 1341 1258 von,
1370 1217 1460 1250 Curt.
1479 1219 1510 1257 3,
1540 1220 1591 1259 13,

918 1265 976 1297 12:
991 1266 1168 1306 fortunam
1193 1275 1293 1297 meam
1317 1266 1352 1296 in
1378 1265 1509 1296 consilio
1534 1266 1590 1296 Iza-

914 1311 1000 1347 bm't,·
1025 1309 1108 1341 Plin.
1128 1308 1187 1364 Ep.
1219 1311 1247 1351 1,
1272 1311 1326 1351 20,
1345 1310 1406 1349 23,
1430 1308 1590 1351 Appiam:

916 1351 1116 1394 ἐτδοιάζων
1157 1355 1210 1388 ἔτι
1249 1356 1312 1387 καὶ
1349 1354 1591 1401 περισκοπῶν

916 1396 1124 1451 ὁποτέρωσε
1135 1403 1354 1445 προσθοῖτο.
1367 1410 1519 1439 —propr
1521 1407 1590 1440 aet„

915 1445 956 1476 da
984 1445 1133 1486 sogleich
1161 1431 1228 1486 folg
1212 1449 1247 1476 ot
1271 1451 1405 1478 moveret
1428 1456 1466 1477 ea:
1481 1447 1588 1477 luber-

914 1492 978 1532 πίε,
1006 1491 1072 1522 und
1096 1491 1154 1522 (161
1172 1490 1246 1522 Ani
1240 1500 1303 1531 111(Γ
1319 1491 1375 1522 (165
1396 1490 1589 1522 Consulats-

910 1535 991 1576 Jaln
993 1546 1037 1577 65,
1056 1536 1114 1567 dei
1134 1538 1186 1569 15.
1202 1535 1308 1576 M'arz,
1329 1536 1455 1567 damals
1472 1536 1590 1568 mitten

916 1581 947 1612 in
975 1581 1037 1612 den
1057 1581 1192 1613 VVinter
1215 1581 1280 1623 fiel,
1305 1592 1330 1613 s.
1356 1592 1383 1613 c.
1410 1583 1441 1622 6,
1470 1583 1507 1621 9,
1536 1583 1588 1623 10,

917 1627 977 1667 13,
1013 1636 1049 1658 so
1086 1626 1208 1657 konnte
1245 1626 1303 1657 das
1335 1625 1508 1667 Amtsjahr
1532 1627 1588 1658 des

915 1671 1055 1703 Baebius
1079 1672 1181 1703 sehon
1207 1670 1402 1712 abgelaufen
1423 1671 1511 1712 56111,
1539 1670 1588 1715 fer

913 1716 1149 1748 commandirte
1175 1717 1233 1748 das
1258 1716 1344 1748 Heer
1367 1727 1428 1748 nur
1457 1717 1505 1749 bis
1530 1727 1589 1749 zur

912 1761 1062 1794 Ankunft
1080 1763 1134 1794 des
1156 1761 1304 1802 Consuls,
1324 1772 1350 1794 6.
1374 1764 1424 1804 14,
1448 1764 1482 1803 1,
1503 1763 1588 1794 auch

914 1818 940 1839 6.
976 1809 1037 1848 22,
1077 1809 1095 1841 8
1132 1808 1191 1839 hat
1221 1818 1258 1839 er
1292 1808 1345 1839 ein
1371 1807 1585 1848 Commando3

911 1852 991 1895 App.
1019 1857 1118 1884 neunt
1142 1853 1197 1884 ihn
1224 1849 1440 1899 στρατηγόν.
1459 1865 1588 1893 —pro-

911 1910 995 1939 cess„
1021 1898 1081 1930 mit
1104 1898 1175 1930 dem
1199 1898 1316 1938 Heere,
1342 1910 1368 1930 c.
1395 1900 1448 1939 10,
1476 1901 1526 1932 10.

958 1941 996 1980 9.
1037 1946 1134 1977 1—7.
1173 1946 1335 1977 Antiocho
1371 1962 1416 1966 —-
1449 1947 1586 1977 venienti

911 1988 955 2020 ist
983 1988 1049 2019 wol
1077 1989 1119 2020 ad
1136 1988 1235 2020 Dativ
1259 2000 1300 2020 zu
1328 1990 1476 2031 nehmen,
1503 2000 1528 2022 S.
1555 1992 1584 2031 1,

911 2036 942 2075 7,
971 2036 1004 2066 1:
1024 2036 1372 2075 priori—venerunt,
1398 2036 1452 2075 2-1,
1473 2037 1503 2077 7,
1522 2037 1583 2075 123

910 2083 1003 2111 sonst
1026 2080 1111 2111 auch
1137 2079 1201 2111 abl.
1227 2080 1306 2119 abs„
1331 2091 1356 2112 5.
1384 2090 1411 2111 6.
1441 2082 1498 2121 14,
1527 2082 1577 2114 12.

908 2128 983 2163 iam,
1011 2135 1047 2156 61·
1072 2125 1116 2156 ist
1140 2125 1211 2156 dem
1229 2124 1410 2167 Philippus,
1438 2135 1466 2160 c.
1493 2127 1524 2166 8,
1551 2127 1583 2165 3,

909 2169 1047 2212 gefolgt.
1064 2188 1109 2192 —
1126 2173 1211 2211 quod
1232 2173 1276 2202 ob.
1303 2171 1368 2211 vgl.
1393 2173 1446 2213 35,
1473 2171 1526 2211 38,
1554 2173 1583 2204 S.

908 2233 954 2237 —
978 2218 1125 2254 Thessal„
1150 2216 1190 2246 da
1217 2215 1353 2247 Larissa
1378 2215 1429 2248 die
1457 2216 1582 2258 Haupt-

908 2261 998 2292 stadt
1023 2261 1081 2292 der
1106 2260 1284 2293 Thessaler
1311 2261 1373 2302 ist,
1410 2261 1510 2293 reden
1533 2261 1582 2293 sie

911 2306 955 2337 1111
981 2306 1107 2338 Nanien
1141 2307 1330 2346 dei-,selben
1363 2318 1413 2338 eos
1437 2306 1583 2338 dax-nach

910 2351 974 2383 wie
1001 2354 1054 2393 35,
1079 2353 1134 2393 42,
1161 2354 1190 2384 4.
1210 2354 1357 2394 —qmd,
1383 2362 1410 2383 6.
1429 2353 1459 2391 5,
1481 2353 1512 2385 3.
1538 2370 1582 2374 —

912 2396 1341 2437 Hip220Z73qunsch1iften
1357 2393 1581 2441 Ιππόλοχος

907 2438 964 2474 Ἀ)
970 2454 1002 2477 ε
991 2444 1022 2480 ζει
1023 2454 1146 2475 :mov
1152 2445 1383 2494 1ccptc5aT05-‚w
1388 2443 1581 2474 ahrschein-

911 2487 978 2518 11611
997 2490 1104 2521 5706.
1122 2499 1152 2519 11.
1174 2486 1294 2518 Frater
1313 2488 1370 2519 (161·
1389 2486 1578 2529 Thessaler,

907 2534 1006 2574 355,
1033 2534 1086 2573 39,
1113 2535 1144 2573 4,
1166 2532 1229 2564 vie
1249 2531 1348 2574 der§
1370 2535 1387 2565 5
1409 2533 1580 2565 erwiihnte
