1715 2723
584 136 708 169 LIBER
727 136 883 169 XXXIII.
909 136 1000 168 CAP.
1020 137 1074 168 36.
1445 136 1527 175 243

130 157 154 173 a.
171 147 222 173 Ch.
240 146 298 171 196.

123 240 271 279 urbana
292 245 351 278 est
372 240 532 285 missus,
561 240 654 278 alios
675 239 751 278 iam
773 243 1021 289 congregatos
1041 239 1248 288 pugnando
1271 237 1377 285 vicit,
1402 251 1447 276 ex
1467 238 1527 276 his
1558 244 1577 274 3

125 296 235 334 multi
258 296 392 342 occisi,
421 296 533 334 multi
555 296 670 346 eapti3
698 296 792 334 alios
818 295 1038 333 verberatos
1067 294 1244 333 crucibus
1276 294 1425 339 adfixit,
1461 293 1528 345 qui

124 352 317 404 principes
339 352 614 391 coniurationis
635 352 803 398 fuerant;
826 351 921 390 alios
944 350 1111 389 dominis
1133 351 1313 389 restituit.

235 409 422 447 Consules
450 409 489 446 in
516 408 730 459 provincias
759 407 922 458 profecti
949 412 1051 445 sunt.
1092 405 1313 444 Marcellum
1342 406 1527 444 Boiorum
1557 413 1576 442 4

122 464 335 516 ingressum
360 465 445 503 finis
466 465 622 515 fatigato
644 477 714 515 per
733 464 834 502 diem
856 469 982 502 totum
1004 462 1125 500 milite
1141 462 1200 501 via
1215 462 1386 500 facienda
1403 467 1529 500 castra

121 520 221 559 inter
247 522 420 560 tumulos
450 520 638 571 quosdam
667 525 878 571 ponentem
909 519 1134 558 Corolamus
1164 518 1334 569 quidam,
1371 518 1526 569 regulus

120 576 318 622 Boiorum,
342 590 430 616 cum
447 589 583 627 magna
601 589 719 614 manu
735 576 893 615 adortus
915 576 961 614 ad
978 576 1049 614 tria
1073 574 1175 613 milia
1197 574 1403 612 hominum
1425 573 1527 612 occi-

121 633 195 680 dit3
225 639 263 672 et
285 634 451 671 illustres
483 633 552 671 viri
584 633 729 683 aliquot
756 633 795 670 in
825 633 887 671 illo
915 631 1171 670 tumultuario
1199 630 1346 681 proelio
1377 630 1525 668 cecide-
1557 635 1575 664 5

119 694 228 735 runt,
258 689 359 727 inter
387 702 484 740 quos
512 689 695 739 praefecti
725 689 875 727 socium
903 688 946 726 T.
979 686 1233 738 Sempronius
1260 686 1457 724 Gracchus
1490 690 1528 723 et

117 744 165 783 M.
188 745 321 783 Iunius
344 746 497 783 Silanus
519 751 556 783 et
575 745 719 783 tribuni
739 745 905 783 militum
928 745 974 782 de
994 744 1142 795 legione
1157 743 1323 782 secunda
1341 743 1388 780 M.
1407 741 1527 792 Ogul—

118 801 205 840 nius
227 806 264 839 et
286 802 327 839 P.
351 801 540 840 Claudius.
580 807 704 840 castra
726 806 856 840 tamen
878 801 924 839 ab
942 800 1126 839 Romanis
1143 799 1289 850 inpigre
1306 798 1526 849 permunita
1555 803 1575 834 6

117 862 361 908 retentaque,
393 870 481 895 cum
512 858 645 896 hostes
674 870 859 908 prospera
879 869 1005 908 pugna
1028 856 1116 894 elati
1137 856 1374 906 nequiquam
1398 867 1524 905 oppu-

118 919 310 964 gnassent.
342 913 488 952 stativis
510 914 646 951 deinde
668 914 790 952 isdem
807 925 876 964 per
897 913 978 951 dies
1000 913 1144 964 aliquot
1166 924 1248 951 sese
1270 911 1406 957 tenuit,
1430 911 1523 949 dum
1554 917 1570 946 7

118 974 157 1006 et
176 970 326 1008 saucios
349 974 500 1008 curaret
519 975 557 1008 et
578 982 626 1008 ex
646 975 753 1008 tanto
782 975 930 1008 terrore
961 969 1109 1007 animos
1140 968 1307 1006 militum
1335 967 1522 1006 reficeret.

115 1024 198 1071 Boi,
222 1031 263 1063 ut
282 1030 341 1063 est
361 1038 452 1076 gens
474 1025 635 1063 minime
657 1027 701 1064 ad
723 1038 854 1064 morae
875 1024 1044 1063 taedium
1066 1024 1270 1063 ferendum
1291 1023 1461 1074 patiens,
1485 1022 1524 1060 in
1554 1029 1572 1060 8

117 1081 269 1119 castella
292 1094 360 1119 sua
382 1082 561 1132 vicosque
588 1084 732 1132 passim
762 1082 897 1132 dilapsi
924 1087 1026 1119 sunt.
1067 1080 1268 1118 Marcellus
1297 1080 1401 1117 Pado
1429 1090 1523 1117 con—
1553 1086 1573 1115 9

114 1136 242 1174 festim
265 1137 424 1175 traiecto
445 1137 483 1174 in
504 1150 636 1188 agrum
661 1138 904 1178 Comensem,
926 1137 992 1175 uhi
1009 1136 1190 1174 Insubres
1207 1135 1461 1174 Comensibus
1477 1135 1523 1172 ad

114 1204 220 1230 arma
242 1193 372 1231 excitis
394 1198 517 1231 castra
540 1193 743 1236 habebant,
767 1193 934 1243 legiones
956 1192 1072 1230 ducit.
1110 1192 1216 1237 Galli,
1240 1192 1389 1229 feroces
1407 1191 1523 1228 Boio-

112 1260 200 1287 rum
222 1254 308 1287 ante
332 1249 411 1287 dies
433 1261 576 1299 paucos
598 1262 744 1300 pugna,
777 1250 816 1287 in
843 1249 928 1300 ipso
958 1248 1092 1287 itinere
1120 1248 1310 1298 proelium
1339 1246 1522 1286 commit-

111 1309 219 1351 tunt,
247 1310 285 1343 et
317 1305 442 1355 primo
465 1305 559 1343 adeo
583 1307 720 1344 acriter
740 1305 984 1351 invaserunt,
1013 1310 1056 1343 ut
1077 1304 1347 1354 antesignanos
1369 1303 1521 1354 inpule-

109 1360 198 1398 rint.
237 1361 339 1411 quod
369 1361 435 1399 ubi
455 1362 656 1400 Marcellus
686 1361 977 1408 animadvertit,
1006 1361 1168 1406 veritus,
1197 1372 1245 1398 ne
1274 1359 1372 1398 moti
1401 1358 1521 1398 semel
1554 1364 1594 1396 10

108 1416 356 1467 pellerentur,
380 1418 580 1456 cohortem
601 1418 821 1457 Marsorum
843 1431 932 1457 cum
956 1417 1225 1469 opposuisset,
1246 1416 1421 1467 equitum
1444 1415 1519 1454 La-

848 1524 1066 1564 Bemerkung,
1084 1524 1151 1565 vgl.
1172 1524 1201 1566 3,
1221 1526 1250 1564 5,
1269 1524 1299 1556 8.

894 1570 981 1600 7-9.
1009 1569 1113 1611 relic,
1133 1569 1185 1609 39,
1204 1570 1257 1608 30,
1277 1570 1306 1607 7,
1326 1570 1391 1610 vgl.
1413 1570 1466 1610 21,
1485 1573 1515 1611 5,

109 1519 243 1552 Ganzen
272 1522 304 1552 in
333 1522 392 1553 der
421 1522 518 1555 Mitte
543 1533 568 1554 s.
595 1534 622 1553 e.
648 1523 708 1563 48,
735 1525 773 1561 43

107 1565 189 1597 Sall.
213 1566 236 1597 l.
268 1567 321 1602 19,
349 1568 378 1598 7.
408 1585 452 1590 —
479 1567 564 1598 allos
588 1569 675 1599 verb.
701 1573 774 1600 ent-

107 1611 233 1652 spricht
265 1611 356 1642 nicht
387 1612 471 1643 alios
503 1614 570 1642 iam
600 1622 774 1654 congrega,

107 1656 251 1687 sondern
280 1656 410 1688 enthiilt
438 1657 508 1688 cine
538 1656 774 1689 Unlerabthei—

106 1700 186 1741 lung
203 1711 267 1732 von
284 1711 444 1743 congreg.
465 1703 557 1741 ι’ἰείί,
575 1702 632 1733 das
651 1702 773 1733 diesem

106 1747 364 1787 entsprechende
375 1745 470 1777 Glied
485 1747 530 1778 ist
543 1758 606 1778 von
624 1746 658 1778 L.
676 1747 774 1778 iiber-

106 1801 250 1831 gangen,
274 1802 299 1822 s.
325 1802 351 1821 c.
379 1791 437 1828 39,
454 1793 490 1822 4:
515 1794 563 1832 et,
589 1792 668 1823 oder
692 1793 773 1823 nach

105 1834 240 1875 Madvig
265 1834 481 1877 ausgefallen.
506 1854 549 1859 —
573 1837 710 1877 crucia,
742 1838 772 1876 2,

150 1905 237 1956 {1-6.
261 1927 423 1967 provino,
448 1937 474 1956 c.
502 1925 562 1966 25,
583 1926 633 1958 10.
651 1937 773 1969 —per

104 1971 164 2000 tot.
184 1968 227 2007 d.,
250 1970 457 2009 gewohnlich
480 1970 701 2002 marschirten
719 1972 771 2002 dic

104 2013 262 2044 Soldaten
295 2025 356 2044 nur
390 2016 408 2045 5
443 2015 650 2055 (Sommer-)
685 2015 772 2057 Tag-

104 2059 262 2095 stuuden,
281 2069 306 2089 s.
328 2059 379 2100 34,
400 2061 451 2098 15,
471 2060 501 2091 3.
518 2078 562 2082 —
579 2062 667 2092 mter
683 2064 767 2093 tum.

104 2114 134 2145 q.
148 2103 211 2134 soll
229 2103 281 2134 die
296 2101 604 2145 Unvorgichtigkeit
617 2105 769 2137 bezeich-

103 2158 176 2189 nen,
195 2148 234 2179 da
252 2153 346 2179 sonst
364 2150 421 2180 das
436 2149 544 2189 Lager
561 2161 600 2181 an
619 2151 698 2181 oder
715 2150 774 2183 auf

102 2192 215 2223 Ho'hen
241 2192 494 2234 aufg‘esehlagen
519 2195 614 2226 wird.
634 2214 673 2218 —
697 2198 769 2237 qui-

103 2237 178 2269 dam
198 2238 311 2269 wiirde
331 2239 430 2269 neben
450 2239 590 2281 regulus
606 2241 669 2271 und
688 2242 770 2272 nach

102 2283 262 2324 quosdam
304 2283 393 2315 nicht
433 2284 590 2315 verinisst
626 2287 769 2326 werden,

103 2329 184 2359 auch
215 2327 297 2358 fehlt
327 2339 360 2359 es
391 2329 422 2359 iu
446 2329 504 2360 der
530 2329 678 2361 Mainzer
700 2330 769 2371 Hs,

102 2373 169 2412 vgl.
197 2373 255 2411 34,
274 2373 334 2407 46,
352 2374 382 2404 4.
410 2392 452 2396 ——
477 2374 598 2406 illustr.
624 2386 665 2414 zu,
689 2386 714 2406 S.
742 2387 769 2408 c.

104 2417 161 2458 25,
191 2417 222 2448 9.
255 2437 299 2440 —
331 2420 445 2460 praef.
479 2430 558 2455 soe„
591 2421 769 2452 vornehme

102 2460 233 2503 Riilner,
250 2474 276 2494 s.
296 2464 350 2500 23,
370 2464 399 2501 7,
419 2464 457 2500 3;
478 2465 529 2503 25,
554 2466 579 2503 1,
599 2465 616 2495 3
638 2477 667 2496 u.
683 2476 712 2496 a.
728 2485 769 2488 —

103 2506 143 2538 de
165 2507 242 2549 lega,
267 2519 292 2540 s.
318 2509 377 2548 27,
396 2509 454 2548 38,
476 2510 525 2541 11.
543 2528 587 2532 —
602 2521 768 2552 perman„

105 2551 157 2592 31,
172 2552 224 2592 3⁴³,
241 2553 269 2584 8.
285 2571 327 2576 —
342 2564 418 2585 cum
432 2559 506 2597 ete„
521 2555 769 2596 nachtriigliche

850 1614 900 1645 16.
917 1632 959 1636 —
974 1613 1205 1656 acl—patiens,
1226 1615 1291 1654 vgl.
1309 1614 1360 1651 27,
1383 1614 1437 1656 18,
1460 1616 1514 1647 14:

847 1659 1015 1689 instabilis
1030 1658 1076 1689 ad
1091 1661 1277 1690 comminus
1290 1660 1515 1691 conserendas

845 1714 984 1738 ηιαηιιςς
1005 1704 1034 1745 9,
1054 1703 1105 1739 12,
1121 1704 1156 1733 8:
1173 1705 1348 1743 incautus,
1369 1704 1462 1736 Caes.
1477 1705 1513 1737 B.

847 1746 886 1779 G.
906 1749 924 1779 3
935 1772 942 1785 ,
964 1748 1021 1787 19,
1040 1748 1074 1778 6:
1092 1748 1202 1779 mollis
1217 1759 1255 1779 ac
1272 1751 1411 1780 minime.
1428 1752 1514 1782 resi-

846 1796 940 1824 stens
971 1792 1018 1823 ad
1043 1793 1254 1824 calamitates
1283 1794 1515 1836 perferenda-s·

846 1849 941 1869 mens
964 1849 994 1869 u.
1020 1848 1048 1869 a.
1074 1857 1117 1860 —
1140 1838 1278 1869 castolla
1301 1850 1326 1870 s.
1345 1849 1385 1879 v.,
1411 1850 1439 1870 c.
1457 1840 1511 1879 22,

845 1884 876 1914 4.
895 1902 938 1905 —
963 1882 1161 1922 Comama,
1184 1888 1339 1924 getrennt
1361 1894 1425 1915 von
1449 1885 1510 1916 den

844 1927 1039 1967 lnsubrern,
1064 1928 1168 1959 durch
1191 1929 1292 1959 deren
1311 1928 1431 1961 Gebiet
1453 1931 1513 1961 das

844 1973 930 2004 Heer
944 1973 1036 2004 hiitte
1052 1972 1167 2004 zie-hen
1181 1974 1328 2006 miissen:
1345 1975 1409 2015 vgl.
1426 1974 1515 2006 Plin.

845 2018 874 2059 3,
888 2018 1027 2057 12124:
1045 2017 1321 2050 Orumbow'ornm
1337 2019 1422 2059 (eine
1431 2020 1512 2052 Vo'l-

842 2061 1011 2094 kersehaft
1025 2063 1191 2094 zwisehen
1207 2064 1277 2094 ‹lcm
1293 2063 1432 2095 Larius-
1445 2066 1510 2095 und

842 2107 1095 2147 Sebinus-See)
1127 2110 1246 2151 stirpis
1275 2120 1349 2140 esse
1374 2109 1511 2140 Comum

842 2156 941 2194 atque.
958 2153 1166 2195 Bergammn
1181 2173 1202 2175 —
1214 2157 1335 2185 auc-tor
1351 2157 1403 2184 est
1418 2154 1512 2195 Calo,

843 2198 904 2229 secl
933 2199 1100 2240 ort'gw'nem
1131 2201 1248 2240 gentis
1282 2200 1443 2239 &gnorare
1475 2211 1511 2230 se

842 2244 979 2285 salella·
1003 2248 1066 2274 etc.
1090 2261 1135 2266 —
1161 2243 1259 2281 Galli,
1290 2244 1340 2274 die
1370 2244 1511 2284 ebenge-

844 2294 997 2327 nannten,
1017 2288 1085 2327 vgl.
1106 2288 1161 2328 32,
1180 2289 1232 2327 30,
1254 2288 1304 2319 13.
1324 2306 1366 2310 —
1382 2292 1460 2320 (mle
1477 2289 1511 2320 d.

838 2344 950 2376 pauc„
970 2333 1148 2364 attributiv
1168 2344 1207 2364 zu
1223 2344 1352 2375 pugna.
1366 2353 1407 2356 —
1421 2344 1510 2365 eom-

843 2380 931 2410 mz'lt.
956 2397 976 2400 —
1000 2380 1156 2416 inumera,
1187 2389 1212 2409 s.
1245 2389 1270 2408 ο.
1305 2379 1363 2414 15,
1392 2379 1440 2410 12.
1466 2398 1509 2401 —

842 2424 1021 2465 (mles-ign„
1044 2424 1117 2454 hier
1140 2424 1199 2453 ‹ler
1216 2423 1382 2461 vorti-ab,
1410 2435 1435 2455 s.
1455 2424 1509 2463 27,

844 2469 895 2510 18,
914 2469 943 2499 2.

890 2513 1019 2544 10-12.
1046 2512 1158 2551 semel,
1178 2513 1207 2547 5,
1227 2513 1279 2551 20,
1299 2514 1328 2544 5.
1348 2531 1391 2536 —
1405 2513 1507 2556 pelle-

841 2561 926 2589 rent.
948 2557 1082 2589 starker
1097 2558 1147 2588 als
1161 2558 1330 2600 impellere
1349 2557 1370 2600 ξ
1385 2558 1420 2598 9,
1439 2568 1508 2590 was

1177 2613 1240 2645 16*
