1715 2723
67 110 94 128 ι.
116 100 165 127 ch.
188 100 247 127 190.
483 99 608 132 menn
633 100 811 133 XXXVII.
837 100 929 132 CAP.
954 102 984 134 9.
1019 102 1068 134 10.
1407 99 1488 141 173

72 211 146 251 teo,
171 203 355 242 tradentis
384 203 425 241 in
456 203 572 242 fidem
602 203 761 242 civitatis
790 216 891 250 51135,
922 203 1088 255 benigne
1118 203 1273 242 audivit.
1321 202 1412 242 inde
1440 202 1487 241 ad
1507 205 1526 237 S

72 259 310 311 Hellesponti
341 261 471 298 fauces
502 260 651 310 navigat
680 266 716 298 et
746 260 880 298 decem
912 260 1075 298 navibus
1105 260 1145 298 in
1168 260 1330 298 statione
1353 265 1488 297 contra

71 316 253 367 Abydum
267 315 407 355 relictis
424 321 547 355 cetera
563 316 681 354 classe
692 316 732 353 in
743 317 942 367 Europam
956 316 1003 354 ad
1015 317 1167 355 Sestum
1182 315 1487 367 oppugnandam

70 372 226 411 traiecit.
275 373 350 411 iam
379 372 636 411 subeuntibus
666 373 820 411 armatis
853 385 988 411 muros
1020 373 1173 410 fanatici
1199 373 1293 411 Galli
1314 372 1486 423 primum
1506 373 1526 405 9

72 441 161 467 cum
174 428 351 467 sollemni
374 429 505 468 habitu
524 434 610 467 ante
621 433 775 478 portam
793 434 1026 475 occurrunt,
1049 429 1159 466 iussu
1172 441 1212 466 se
1226 429 1357 467 matris
1370 428 1489 467 deum

72 486 238 524 famulos
262 485 353 524 deae
373 485 504 524 venire
526 490 744 523 memorant
766 484 812 522 ad
833 484 1074 534 precandum
1085 485 1320 531 Romanum,
1341 491 1383 523 ut
1397 497 1488 535 par-

72 548 176 580 ceret
195 541 401 580 moenibus
424 541 600 591 urbique.
632 553 748 579 nemo
773 553 910 579 eorum
932 541 1093 578 violatus
1117 547 1184 579 est.
1215 553 1307 579 mox
1330 541 1488 579 univer·
1512 542 1552 574 10

72 611 140 636 sus
181 604 335 637 senatus
366 610 455 636 cum
486 597 767 648 magistratibus
798 597 845 635 ad
875 596 1092 635 dedendam
1124 596 1261 634 urbem
1290 597 1490 647 processit.

72 655 163 693 inde
185 654 367 705 Abydum
396 654 548 692 traiecta
578 654 719 692 classis.
766 653 832 692 ubi
866 665 957 691 cum
987 653 1179 703 temptatis
1202 665 1273 703 per
1299 654 1490 703 colloquia
1513 659 1551 691 11

73 710 210 749 animis
230 710 325 748 nihil
349 711 470 760 pacati
489 710 805 760 responderetur,
837 709 885 748 ad
907 709 1239 760 oppugnationem
1262 722 1346 748 sese
1369 721 1489 759 expe-

74 766 239 805 diebant.
996 812 1003 821 .

186 823 288 861 Dum
310 822 403 860 haec
421 822 462 860 in
475 821 724 872 Hellesponto
743 828 944 873 geruntur,
966 816 1224 873 Polyxenidas
1234 821 1363 872 regius
1376 833 1490 872 prae-
1514 825 1570 865 10

72 881 197 918 fectus
218 902 271 906 -—
293 886 373 917 erat
401 884 529 916 autem
561 878 649 916 exul
680 879 856 918 Rhodius
879 902 933 906 ——
954 891 1043 916 cum
1076 878 1245 917 audisset
1276 879 1491 928 profectam

73 935 120 974 ab
143 936 261 974 domo
282 935 529 986 popularium
542 947 707 974 suorum
720 936 892 983 classem,
915 935 1241 974 etPausistratum
1252 936 1489 985 praefectum
1511 936 1529 967 2

74 992 242 1042 superbe
263 992 452 1042 quaedam
475 997 511 1029 et
523 993 777 1042 contemptim
788 992 826 1030 in
849 1005 888 1030 se
901 992 1189 1030 contionantem
1202 991 1354 1037 dixisse,
1377 1003 1490 1042 prae-

75 1049 188 1098 cipuo
211 1049 417 1087 certamine
438 1048 556 1086 animi
577 1048 761 1087 adversus
783 1061 873 1087 eum
893 1054 1049 1099 sumpto
1072 1048 1166 1086 nihil
1188 1048 1291 1086 3111111
1314 1047 1394 1086 11165
1415 1060 1490 1086 110-

74 1110 231 1155 ctesque
258 1105 420 1155 agitabat
441 1105 582 1151 animo,
605 1117 722 1155 quam
746 1110 787 1143 ut
808 1104 924 1143 verba
941 1104 1141 1155 magnifica
1155 1104 1237 1143 61115
1254 1104 1371 1142 rebus
1394 1116 1491 1142 con-

73 1161 225 1199 futaret.
270 1161 383 1199 mittit
407 1161 453 1199 ad
485 1173 574 1199 eum
600 1161 801 1199 hominem
825 1167 861 1200 et
884 1161 936 1199 illi
960 1168 1110 1206 notum,
1141 1161 1209 1211 qui
1230 1161 1374 1199 diceret
1393 1167 1430 1199 et
1452 1173 1492 1198 se
1512 1167 1530 1198 3

73 1217 306 1255 Pausistrato
329 1217 551 1268 patriaeque
574 1229 665 1255 suae
687 1230 827 1268 magno
851 1218 952 1264 usui,
976 1218 1007 1255 si
1028 1217 1148 1263 liceat,
1173 1219 1269 1263 fore,
1292 1223 1329 1255 et
1349 1230 1369 1255 a
1388 1217 1492 1255 Pau-

73 1274 224 1312 sistrato
248 1286 288 1311 se
314 1274 461 1312 restitui
484 1273 523 1311 in
544 1273 706 1323 patriam
726 1286 853 1324 posse.
886 1286 987 1320 611111,
1012 1286 1184 1324 quonam
1206 1273 1322 1311 modo
1347 1285 1390 1311 ea
1410 1273 1494 1311 fieri
1512 1283 1533 1314 4

73 1336 244 1381 possent,
271 1330 526 1368 mirabundus
548 1329 807 1369 Pausistratus
838 1336 1170 1380 percunctaretur,
1201 1330 1319 1367 fidem
1350 1330 1494 1380 petenti

75 1386 178 1425 dedit
201 1387 368 1437 agendae
390 1386 651 1424 communiter
672 1387 727 1425 rei
749 1393 814 1425 aut
836 1386 1021 1437 tegendae
1043 1386 1207 1425 silentio.
1264 1392 1347 1425 tum
1370 1386 1492 1424 inter·
1514 1393 1532 1424 5

74 1443 254 1482 nuntius:
294 1443 438 1494 regiam
477 1443 637 1481 classem
678 1449 743 1482 aut
782 1449 900 1482 totam
932 1449 997 1482 aut
1023 1443 1211 1481 maiorem
1234 1443 1317 1481 eius
1344 1448 1493 1493 partem

74 1499 351 1550 Polyxenidam
372 1499 606 1538 traditurum
626 1500 680 1545 ei,
702 1500 871 1550 pretium
889 1500 982 1538 tanti
1003 1500 1128 1538 meriti
1148 1499 1298 1538 nullum
1310 1499 1411 1537 aliud
1424 1511 1494 1550 pa-

124 1655 244 1688 8-—11.
292 1657 426 1694 Hellesp.
460 1656 512 1695 f..
558 1656 641 1686 nach
678 1655 750 1686 dem
870 1652 1042 1692 10—11.
1070 1654 1303 1695 Ueberlistuug
1327 1655 1382 1686 des
1408 1654 1496 1686 Pau-

77 1699 171 1741 Folg.
203 1700 254 1732 die
286 1700 430 1732 schmale
454 1700 557 1732 Stelle
586 1701 751 1732 zwischen
820 1701 987 1732 sisti-atus.
1027 1700 1166 1743 Appian.
1191 1700 1266 1743 Syr.
1286 1702 1347 1743 243
1377 1699 1495 1743 Polyb.

76 1745 214 1787 Abydus
239 1746 303 1777 und
328 1745 453 1777 Sestus.
481 1763 524 1768 Α
548 1753 675 1786 eontra,
707 1746 751 1777 im
822 1748 875 1781 21,
907 1749 937 1779 7.

77 1791 259 1831 Angesicht
277 1802 353 1830 von,
381 1802 452 1828 vor,
479 1793 532 1828 31,
566 1794 615 1824 17.
634 1793 752 1832 ——fa-
868 1794 966 1825 2—4.
1022 1798 1147 1824 certam.
1192 1803 1263 1829 am,
1315 1790 1498 1823 W'etteifer

77 1842 142 1869 nat.
164 1838 213 1876 G„
234 1847 258 1868 5.
277 1847 317 1868 211
337 1838 390 1872 29,
416 1839 466 1875 14,
492 1838 551 1879 11);
569 1838 621 1877 38,
648 1838 698 1877 18,
713 1839 752 1879 9;
826 1838 882 1868 1135
902 1836 1042 1868 Streben
1063 1837 1124 1869 den
1138 1836 1271 1878 Gegner
1284 1847 1323 1868 zu
1343 1837 1497 1869 iiberbie-

79 1883 302 1922 39,13,12;
327 1884 358 1922 4,
377 1883 430 1917 33,
453 1884 490 1921 23
510 1881 625 1924 Polyb.
637 1894 644 1913 z
663 1883 753 1920 ἐξελ·
820 1887 886 1923 ten,
912 1893 937 1914 5.
955 1893 995 1914 211
1013 1884 1043 1920 2,
1075 1884 1126 1921 59,
1152 1884 1178 1915 1.
1200 1901 1241 1905 -
1258 1889 1393 1922 sumpto,
1419 1893 1444 1914 5.
1470 1884 1498 1924 1,

78 1925 209 1964 θόττες
241 1929 373 1960 Iamo)
407 1924 473 1960 δύο
508 1926 602 1969 μετὰ
627 1924 752 1961 τύπων
823 1931 876 1968 54,
910 1930 944 1969 1;
972 1930 1004 1964 4,
1034 1931 1087 1969 54,
1116 1930 1153 1962 8:
1179 1939 1248 1960 eum
1268 1930 1499 1968 spiritusplebs

78 1974 138 2005 καὶ
165 1973 441 2023 προστηθιδίωι
462 1973 678 2011 (B1ustbilde1
697 1974 754 2005 der
821 1977 1011 2013 sumpsisset.
1038 1992 1080 1996 —
1110 1976 1203 2006 verba
1226 1986 1277 2013 m,
1311 1975 1361 2013 10,
1395 1976 1448 2014 23,
1466 1975 1497 2007 6.

81 2017 209 2051 Gottin)
235 2018 383 2052 ἕδέοιτο
409 2018 527 2070 μηὸὲν
554 2015 599 2051 ἇῑ
603 2016 753 2060 ήκεστοι
830 2040 861 2043 »--
892 2027 919 2051 et
944 2031 975 2051 se
992 2038 1035 2042 —
1052 2031 1092 2054 se,
1120 2019 1291 2051 Chiasmus
1319 2020 1386 2050 und
1409 2019 1498 2062 Epa-

80 2061 324 2104 βοιλεύεσθαι
350 2066 430 2110 περὶ
462 2076 522 2105 της
538 2061 688 2102 πόλ.εως
708 2083 753 2086 -
823 2065 976 2107 nalepsis.
1027 2068 1057 2097 si
1079 2067 1140 2104 lio„
1168 2075 1264 2096 wenn
1289 2075 1323 2097 es
1349 2065 1415 2096 ihm
1440 2075 1497 2106 ge-

80 2120 149 2140 omn
178 2121 203 2140 s.
227 2111 276 2148 ἧ.,
304 2120 329 2141 s.
355 2111 416 2149 35,
449 2111 510 2149 34
536 2112 566 2142 ἵ.
594 2128 638 2133 -
661 2116 753 2142 matr.
822 2115 959 2151 stattet,
1000 2111 1067 2142 ihm
1096 2111 1148 2142 die
1176 2109 1394 2152 Gelegeuheit
1419 2111 1502 2142 dazu

82 2157 124 2193 d.,
159 2155 213 2194 36,
249 2133 301 2191 3⁷6,
338 2156 366 2187 3.
400 2173 442 2177 -
467 2156 588 2195 famul.
620 2158 661 2195 d.,
686 2155 752 2187 Cic.
823 2156 969 2197 gegeben
1009 2157 1132 2188 wiirde.
1167 2174 1209 2178 —
1235 2159 1336 2197 fidem
1366 2158 1502 2198 aqendae

82 2199 182 2240 Legg.
209 2201 239 2240 2,
274 2202 305 2240 9,
340 2202 399 2233 22:
430 2202 544 2232 Idaeae
566 2205 678 2234 matris
695 2202 754 2242 fa·
823 2205 873 2234 rei
895 2203 1012 2243 geho'rt
1038 2202 1198 2233 zuuiichst
1231 2213 1270 2233 211
1296 2204 1387 2241 petit,
1422 2202 1503 2233 aber

80 2248 182 2277 mulos
191 2257 202 2283 ,·
231 2246 288 2276 der
317 2244 432 2277 Cultus
458 2246 516 2277 der
542 2246 657 2278 Go'ttiu
682 2257 754 2278 war
824 2249 909 2278 auch
933 2258 973 2279 zu
1001 2250 1097 2284 dedic,
1123 2248 1188 2278 und
1218 2247 1261 2278 ist
1286 2247 1420 2279 deshalb
1448 2245 1506 2278 auf

81 2290 162 2322 weit
176 2290 208 2321 in
223 2290 322 2323 Asieu
337 2291 529 2331 verbreitet,
551 2292 618 2333 vgl.
628 2291 757 2324 Preller
825 2293 918 2324 beide
931 2293 1107 2332 vertheilt,
1122 2295 1272 2334 assendae,
1284 2293 1359 2324 dass
1369 2293 1502 2324 werden

82 2338 165 2376 737;
192 2335 295 2378 Marq.
321 2339 351 2376 4,
379 2338 456 2376 317,
484 2338 557 2370 341.
593 2355 635 2360 —·
668 2349 755 2370 nemo
825 2339 956 2380 wiirde,
994 2339 1096 2378 solle;
1132 2346 1205 2379 aut,
1247 2338 1289 2369 im
1314 2338 1408 2370 Falle
1445 2339 1501 2370 des

82 2381 127 2412 ist
150 2391 339 2422 ungenauer
365 2382 549 2423 Ausdruck,
578 2393 673 2415 wenu
703 2384 756 2415 bei
825 2383 1045 2425 Misslingeus.

81 2425 163 2463 Pol.,
189 2438 215 2458 5.
237 2429 370 2467 vorher,
396 2428 520 2469 richtig
537 2424 603 2461 δύο
624 2429 755 2470 gelesen
872 2432 970 2463 5—5.
996 2433 1184 2469 internum„
1212 2429 1287 2461 dass
1308 2439 1343 2460 er
1364 2440 1501 2471 gespro—

83 2471 177 2503 wird.
206 2490 250 2496 —
277 2476 393 2513 exped„
422 2474 473 2505 die
493 2475 674 2515 Besatzuug
700 2475 757 2506 der
825 2475 905 2506 chen
922 2475 1017 2513 habe,
1038 2475 1167 2515 ergiebt
1187 2475 1257 2506 sich
1271 2485 1328 2506 aus
1339 2474 1502 2506 derForm

83 2515 201 2550 Flotte.
825 2520 882 2551 der
907 2520 1005 2561 Reae,
1046 2523 1072 2560 1,
1109 2523 1162 2561 48,
1194 2522 1231 2561 23
1258 2522 1287 2560 3,
1315 2523 1368 2561 53,
1396 2522 1434 2561 63
1459 2520 1501 2552 ib.
