1715 2723
487 130 611 162 LIBER
627 130 787 162 XXXIV.
812 128 903 161 CAP.
924 131 974 161 46,
993 131 1046 161 47.
1389 129 1470 169 339

66 149 92 165 a.
108 140 160 165 Ch.
176 140 234 164 194.

65 232 215 272 duobus
234 231 419 271 fratribus
439 237 522 271 tota
541 238 654 283 gente
675 231 863 270 concitata
885 232 931 270 ad
951 232 1216 271 rebellandum
1232 239 1355 271 castra
1376 231 1471 270 locis

64 289 206 340 apertis
226 289 368 339 posuit,
391 293 435 328 ut
456 293 656 340 appareret
677 287 944 333 dimicaturos,
967 288 998 326 si
1022 288 1144 326 hostis
1167 289 1252 327 tinis
1274 288 1467 327 intrasset.

64 345 199 384 consul
216 344 294 391 ubi,
313 350 478 396 quantae
495 345 637 396 copiae,
657 349 798 395 quanta
816 344 954 383 fiducia
970 349 1070 382 esset
1084 345 1198 389 hosti,
1216 345 1349 391 sensit,
1367 355 1470 383 nun-

65 401 161 440 tium
182 401 228 439 ad
251 401 434 453 collegam
458 401 594 446 mittit,
611 406 672 446 ut,
695 400 726 438 si
748 400 941 439 videretur
956 401 1003 446 ei,
1026 406 1238 440 maturaret
1257 401 1406 439 venire:
1428 413 1470 439 se

64 458 348 508 tergiversando
376 458 417 496 in
446 458 652 496 adventum
680 457 763 495 eius
790 469 872 495 rem
902 462 1179 495 extracturum.
1231 469 1327 507 quae
1356 470 1469 496 causa

63 514 210 553 consuli
230 514 447 559 cunctandi,
470 515 605 553 eadem
623 513 750 559 Gallis,
772 519 1043 564 praeterquam
1062 513 1166 564 quod
1184 513 1378 552 cunctatio
1394 514 1469 552 ho-

63 571 182 609 stium
203 571 352 609 animos
372 570 552 616 faciebat,
575 570 631 608 rei
652 570 901 608 maturandae
923 575 1016 615 erat,
1038 575 1098 616 ut,
1123 569 1351 620 priusquam
1374 581 1469 608 con-

62 627 312 678 iungerentur
332 627 535 665 consulum
556 626 701 677 copiae,
723 639 807 664 rem
827 626 1093 676 transigerent.
1135 638 1205 677 per
1225 626 1387 664 biduum
1409 631 1468 664 ta-

63 695 153 722 men
174 683 268 721 nihil
290 683 390 721 aliud
413 695 526 733 quam
548 688 741 721 steterunt
761 683 881 734 parati
903 683 948 720 ad
970 694 1151 733 pugnam,
1174 682 1206 720 si
1228 682 1315 733 quis
1333 686 1469 720 contra

61 740 324 790 egrederetur,
346 741 460 778 terlio
481 739 634 778 subiere
656 740 702 777 ad
724 739 882 783 vallum,
913 746 1113 789 castraque
1142 739 1257 777 simul
1285 738 1331 776 ab
1361 738 1469 776 omni

60 801 168 847 parte
189 796 359 846 adgressi
380 802 481 834 sunt.
518 796 653 835 consul
674 808 780 834 arma
801 796 995 847 extemplo
1018 808 1152 846 capere
1174 795 1317 833 milites
1338 795 1468 841 iussit,

62 858 230 891 armatos
251 852 338 890 inde
360 853 552 903 paulisper
580 852 790 897 continuit,
819 858 862 890 ut
889 857 927 890 et
953 852 1131 890 stolidam
1159 851 1336 890 fiduciam
1365 851 1469 890 hosti

63 914 218 960 augeret
239 914 275 946 et
298 908 519 959 disponeret
540 909 680 960 copias,
700 908 838 959 quibus
861 920 1037 959 quaeque
1060 908 1181 959 portis
1201 913 1466 958 erumperent.

61 965 157 1004 duae
178 965 348 1016 legiones
369 965 517 1003 duabus
534 965 807 1016 principalibus
824 966 946 1015 portis
964 965 1071 1015 signa
1089 965 1224 1003 efferre
1240 965 1378 1003 iussae.
1401 965 1468 1003 sed

61 1022 101 1060 in
121 1021 204 1072 ipso
228 1021 331 1059 exitu
351 1021 402 1059 ita
425 1021 586 1060 conferti
608 1021 791 1060 obstitere
814 1021 920 1067 Galli,
942 1027 985 1060 ut
1007 1022 1228 1060 clauderent
1253 1021 1366 1059 viam.
1402 1021 1469 1059 diu

61 1078 100 1115 in
119 1078 305 1128 angustiis
327 1084 539 1128 pugnatum
561 1082 640 1124 est3
661 1089 734 1116 nec
754 1078 897 1116 dextris
924 1078 1045 1128 magis
1068 1077 1279 1128 gladiisque
1308 1077 1467 1128 gereba-

60 1139 125 1172 tur
144 1146 219 1180 res,
243 1145 359 1184 quam
379 1134 497 1172 scutis
515 1134 819 1185 corporibusque
840 1133 933 1184 ipsis
955 1134 1085 1172 obnixi
1100 1133 1299 1184 urgebant,
1322 1134 1468 1172 Roma-

59 1189 112 1235 ni,
132 1194 176 1228 ut
196 1189 302 1240 signa
318 1189 422 1228 foras
440 1191 633 1235 efferrent,
657 1190 764 1236 Galli,
782 1195 825 1228 ut
840 1196 907 1229 aut
922 1190 962 1228 in
979 1196 1100 1228 castra
1118 1190 1192 1241 ipsi
1207 1194 1467 1241 penetrarent,

59 1251 124 1284 aut
144 1246 247 1284 exire
270 1246 467 1284 Romanos
488 1246 752 1296 prohiberent.
788 1258 859 1284 nec
880 1251 968 1285 ante
990 1247 1029 1284 in
1050 1247 1150 1285 hanc
1169 1252 1235 1284 aut
1251 1246 1355 1285 illam
1376 1258 1466 1297 par-

57 1307 138 1340 tem
159 1302 306 1340 moveri
326 1302 426 1341 acies
446 1308 672 1353 potuerunt,
696 1316 809 1353 quam
834 1303 878 1349 Q.
901 1303 1092 1342 Victorius
1113 1303 1228 1354 primi
1247 1302 1314 1354 pili
1330 1307 1466 1342 centu-

57 1358 114 1397 rio
136 1363 173 1397 et
193 1358 233 1397 C.
255 1358 405 1397 Atinius
426 1359 606 1397 tribunus
628 1359 808 1403 militum,
832 1365 989 1411 quartae
1008 1359 1089 1405 hic,
1112 1359 1172 1398 ille
1197 1359 1388 1399 secundae
1410 1359 1465 1397 le—

56 1415 193 1466 gionis,
214 1427 297 1454 rem
319 1415 358 1452 in
388 1415 534 1466 asperis
555 1416 712 1466 proeliis
741 1428 854 1467 saepe
881 1421 1128 1467 temptatam,
1152 1416 1260 1466 signa
1288 1416 1467 1467 adempta

4 1494 11 1519 5
56 1471 246 1523 signiferis
263 1472 302 1510 in
323 1472 446 1510 hostis
468 1471 693 1511 iniecerunt.
730 1473 824 1511 dum
844 1478 1026 1524 repetunt
1048 1473 1156 1511 enixe
1173 1472 1342 1523 signum,
1359 1472 1465 1523 prio-

8 1575 25 1619 1ἶῗ
55 1590 188 1636 quarta
209 1584 357 1635 legione
378 1584 417 1622 111
439 1589 550 1635 porta
569 1585 772 1631 haerente,
795 1598 884 1624 cum
914 1585 1009 1623 alius
1037 1586 1230 1624 tumultus
1258 1598 1304 1623 ex
1330 1597 1462 1623 aversa

54 1646 161 1692 parte
183 1646 399 1679 castrorum
421 1646 481 1679 est
500 1646 670 1680 exortus.
710 1642 750 1680 in
776 1647 929 1692 portam
952 1641 1214 1692 quaestoriam
1243 1641 1463 1693 irruperant

55 1697 149 1736 Galli
160 1697 469 1748 ,resistentisque
482 1697 715 1748 pertinacius
731 1698 949 1737 occiderant
962 1697 1003 1735 L.
1019 1698 1266 1736 Postumium
1281 1702 1462 1748 quaesto-

55 1766 150 1801 rem,
174 1753 235 1792 cui
255 1753 455 1804 Tympano
477 1753 550 1792 fuit
572 1766 801 1805 cognomen,
825 1760 863 1793 et
882 1754 930 1792 M.
953 1754 1125 1792 Atinium
1148 1760 1186 1792 et
1207 1755 1248 1792 P.
1272 1754 1461 1805 Sempro-

1498 352 1517 382 5

1498 462 1518 492 6

1499 633 1516 663 7

1497 973 1516 1005 9

1500 1030 1539 1061 10

1499 1143 1533 1175 11

1499 1254 1538 1287 12

1498 1481 1537 1513 13

11 1555 17 1580 3
55 1540 116 1566 res
137 1528 346 1567 secundani
367 1540 407 1566 se
428 1533 540 1579 porta
561 1529 767 1568 eiecerunt.
805 1529 884 1568 Iam
902 1529 942 1568 hi
964 1534 1070 1568 extra
1086 1529 1228 1567 vallum
1245 1529 1467 1580 pugnabant
1491 1531 1545 1571 4¹7

1491 1710 1511 1742 2

56 1810 165 1850 11111111
186 1810 402 1862 praefectos
422 1810 591 1855 socium,
613 1816 651 1849 et
671 1810 858 1849 ducentos
879 1811 1001 1849 ferme
1023 1811 1177 1849 milites.
1218 1816 1328 1861 capta
1350 1811 1395 1849 ab
1417 1823 1461 1849 ea
1490 1823 1509 1854 3

58 1871 166 1917 parte
187 1871 312 1906 castra
332 1873 451 1912 erant,
475 1867 599 1906 donec
618 1868 757 1906 cohors
777 1867 1102 1913 extraordinaria,
1124 1868 1241 1906 missa
1263 1880 1283 1906 a
1305 1867 1462 1906 consule

60 1967 259 2007 Niederlage
287 1977 358 2000 war
385 1969 457 2000 also
487 1969 570 2000 ohne
595 1967 723 2010 Erfolg.

60 2030 103 2034 —-
118 2012 247 2054 collega,
263 2013 322 2044 der
337 2014 418 2044 noch
437 2013 470 2044 in
488 2013 569 2044 Rom
586 2024 667 2045 war.
680 2032 725 2037 —

59 2057 170 2089 sivid.
189 2059 237 2097 εἰ,
268 2058 326 2097 26,
360 2058 410 2099 16,
440 2058 470 2089 4.
492 2077 537 2081 --
560 2059 646 2090 nillil
667 2059 723 2099 al„

60 2102 112 2141 31,
138 2102 191 2141 24,
215 2102 245 2133 3.
267 2121 311 2125 —-
332 2102 510 2145 adpugn„
535 2103 566 2142 3,
584 2105 614 2143 5,
633 2105 663 2135 7.
680 2122 725 2127 —-

58 2146 201 2190 dispon„
234 2147 413 2189 pr‘agnant:
446 2148 626 2181 vertheilte
658 2150 724 2180 und

59 2191 262 2230 bestimmte,
287 2202 328 2224 au
352 2193 499 2225 welehen
522 2205 554 2225 u.
573 2204 599 2225 s.
616 2204 659 2226 w.
681 2213 724 2217 —-

59 2247 187 2279 quaeq,
204 2248 231 2269 s.
247 2238 276 2272 4,
294 2238 348 2277 40,
368 2238 406 2269 3:
425 2238 479 2278 39,
497 2239 549 2281 31,
570 2239 621 2270 12.

104 2282 202 2314 9-13.
233 2283 423 2326 principal„
447 2294 473 2315 5.
492 2285 522 2324 4,
542 2284 593 2324 19,
612 2284 647 2323 8;
672 2284 723 2315 (118

60 2326 175 2360 beiden
202 2328 276 2359 alae
306 2328 473 2360 sociorum
506 2330 621 2361 stehen
652 2330 724 2361 also

0 2374 1 2378 ’
60 2382 99 2403 an
117 2373 174 2404 der
190 2378 286 2415 porta
304 2375 472 2416 praetoria
490 2385 519 2405 u.
536 2375 726 2416 decumana,

0 2442 1 2447 ,
59 2427 86 2448 s.
110 2428 138 2449 8.
161 2418 278 2458 47,1;
309 2420 340 2458 3,
365 2420 457 2458 5,5;
492 2420 541 2458 10,
562 2420 726 2459 33‚1.-

60 2463 146 2504 sign.
164 2464 222 2506 eff.
246 2467 289 2499 (n.
307 2463 514 2504 signiferos):
540 2464 725 2506 angreifen.

0 2511 2 2548 j
61 2518 179 2539 —nec
195 2507 309 2540 dextr.
327 2514 408 2548 etc.,
433 2510 500 2550 vgl.
524 2510 556 2549 9,
585 2510 639 2548 41,
673 2510 724 2541 18.

0 2551 7 2723 l

62 2570 102 2574 —
120 2555 180 2584 aut
197 2553 255 2593 ill„
272 2554 339 2595 vgl.
358 2554 411 2595 32,
430 2555 482 2597 20,
499 2556 535 2594 53
554 2555 607 2595 31,
627 2555 724 2595 32,1.

797 1970 948 2007 Atinius,
973 1969 1027 2009 33,
1051 1969 1105 2001 43.
1127 1987 1171 1992 ——
1196 1979 1266 2000 rem
1290 1988 1310 1992 -
1334 1972 1439 2012 Cempt
1456 1994 1464 2008 ,

797 2015 865 2056 vgl.
879 2015 910 2053 4,
932 2015 982 2053 17,
1000 2015 1031 2045 4.
1048 2032 1093 2037 —-
1109 2024 1219 2057 saepe,
1239 2025 1265 2046 s.
1280 2015 1311 2054 3,
1331 2015 1383 2055 70,
1405 2016 1462 2048 1ος

798 2060 828 2099 6,
847 2060 877 2097 8,
897 2059 933 2097 3;
958 2059 1012 2097 25,
1034 2060 1084 2097 14,
1104 2062 1140 2099 4;
1166 2061 1219 2095 41,
1236 2060 1267 2100 4,
1287 2060 1304 2090 2
1323 2071 1352 2091 u.
1373 2070 1463 2091 11.-ω

797 2123 839 2127 —-
857 2104 947 2143 dum,
966 2105 1018 2146 33,
1040 2104 1090 2143 18,
1109 2104 1161 2135 20.

843 2145 913 2182 47·
949 2151 1034 2181 1-4.
1066 2150 1236 2191 haerente,
1260 2161 1287 2180 e.
1309 2150 1360 2191 15,
1379 2149 1414 2188 83
1433 2150 1464 2187 8,

798 2194 850 2237 38,
871 2196 919 2226 14.
938 2213 980 2218 -—
997 2205 1128 2228 aversa,
1152 2205 1217 2225 von
1240 2195 1301 2225 den
1318 2194 1464 2226 Feindeu

796 2250 888 2281 weg3
907 2241 990 2272 denu
1008 2240 1061 2271 (118
1073 2242 1174 2283 porta
1186 2241 1390 2281 quaestoria,
1407 2239 1465 2270 da-

795 2285 855 2317 her
873 2286 1022 2326 sogleieh
1038 2287 1261 2327 quaestorem,
1282 2285 1324 2316 ist
1342 2285 1374 2316 in
1392 2285 1464 2316 dem

796 2330 906 2372 Lager
929 2331 984 2363 ffir
1005 2331 1089 2362 zwei
1113 2330 1279 2370 Legionen
1304 2341 1366 2361 nur
1390 2329 1463 2360 eine

798 2377 918 2408 andere
940 2376 1170 2416 Bezeichnung
1193 2374 1249 2406 fiir
1272 2375 1325 2406 die
1345 2385 1379 2418 p.
1407 2374 1464 2406 de-

796 2431 950 2462 cumana,
968 2432 994 2453 5.
1017 2422 1068 2461 10,
1083 2421 1136 2459 32,
1151 2424 1186 2459 9;
1206 2421 1271 2462 vgl.
1287 2421 1342 2459 40,
1356 2420 1410 2460 27,
1425 2420 1462 2459 Ἲς

797 2467 851 2509 41,
869 2467 898 2508 2,
921 2468 969 2498 11.
989 2485 1031 2490 -—
1047 2465 1162 2508 praef.
1181 2476 1261 2501 soe„
1286 2465 1338 2506 33,
1358 2465 1412 2505 36,
1431 2466 1463 2496 5.

796 2530 841 2534 ——
858 2512 926 2543 coll.
945 2514 1049 2550 ιιι-ἰν,
1073 2521 1107 2542 85
1127 2510 1189 2551 gab
1207 2511 1310 2542 neben
1326 2511 1387 2541 deu
1405 2520 1464 2541 co-

796 2557 910 2590 hortes
939 2557 1049 2588 alares
1074 2556 1149 2589 vier
1174 2555 1463 2588 extraordinariae

1129 2612 1196 2644 22*
