1715 2723
193 65 275 107 216

599 64 723 97 LIBER
747 64 924 98 XXXVII.
960 65 1051 100 CAP.
1082 68 1136 100 34.
1162 67 1214 100 35.

1454 74 1481 92 a.
1499 73 1528 92 u.
1545 65 1609 93 564.

194 174 306 214 esset,
326 179 454 217 neque
473 166 668 206 liberalius
688 179 816 218 neque
840 167 1047 218 benignius
1066 167 1199 206 haberi
1221 169 1371 219 colique
1382 169 1610 208 adolescen-

155 227 174 260 8
193 230 284 270 tem,
315 235 431 274 quam
461 223 587 262 cultus
608 229 676 271 est,
706 224 890 274 potuisse.
933 223 982 262 ob
1004 224 1097 262 haec
1120 236 1210 262 cum
1232 225 1441 263 adventum
1460 225 1503 264 P.
1524 226 1610 265 Sci-

193 279 322 331 pionis
350 280 495 329 legatus
526 285 774 331 expectasset,
804 280 871 318 ubi
893 280 926 318 is
953 281 1068 327 venit,
1100 280 1300 320 consulem
1327 281 1405 320 adit
1425 282 1611 333 petitque,

116 334 174 374 35
195 342 238 374 ut
257 336 434 374 mandata
454 336 614 375 audiret.
645 337 839 375 Advocato
864 337 1057 387 frequenti
1079 337 1239 375 consilio
1260 337 1370 387 legati
1390 337 1506 377 verba
1517 345 1611 377 sunt

154 395 174 427 2
194 391 332 431 audita.
371 392 415 438 is,
447 392 576 431 multis
600 398 687 431 ante
705 393 960 443 legationibus
981 393 1082 431 ultro
1105 393 1280 443 citroque
1302 394 1540 444 nequiquam
1562 395 1610 434 de

193 460 286 499 pace
308 448 448 495 missis,
473 461 557 487 eam
578 449 702 499 ipsam
721 449 903 488 fiduciam
923 449 1155 500 impetrandi
1177 449 1250 488 sihi
1273 461 1357 488 esse
1376 449 1481 496 dixit,
1502 451 1609 501 quod

192 505 344 555 priores
370 505 481 555 legati
505 505 599 544 nihil
616 506 907 556 impetrassent:
937 507 1145 557 Zmyrnam
1169 505 1273 543 enim
1295 511 1331 544 et
1351 506 1610 556 Lampsacum

194 568 231 599 et
259 561 527 600 Alexandriam
550 562 743 600 Troadem
771 568 808 601 et
828 562 1112 613 Lysimachiam
1141 562 1181 600 in
1202 562 1360 612 Europa
1389 562 1540 602 iactatas
1569 563 1610 602 in

155 618 174 650 3
191 618 263 656 illis
295 618 636 669 disceptationibus
667 631 771 665 esse3
803 631 969 669 quarum
990 618 1231 670 Lysimachia
1260 618 1337 656 iam
1364 619 1524 658 cessisse
1545 632 1610 658 re-

194 686 293 725 gem,
325 686 374 713 ne
400 675 493 725 quid
512 674 654 713 habere
677 687 766 714 eum
787 675 828 713 in
848 676 1005 726 Europa
1025 675 1217 721 dicerent3
1249 687 1312 713 eas
1344 686 1440 725 quae
1462 675 1501 714 in
1521 676 1611 715 Asia

193 731 271 769 sint
289 731 456 769 civitates
479 731 626 769 tradere
645 738 819 782 paratum
843 744 937 778 esse,
961 737 998 770 et
1018 732 1049 770 si
1068 743 1162 781 quas
1183 731 1272 769 alias
1294 731 1472 778 Romani,
1503 732 1609 783 quod

153 790 176 821 4
194 799 353 826 suarum
384 788 551 837 partium
580 788 734 833 fuerint,
769 788 963 826 vindicare
989 787 1034 826 ab
1058 787 1220 838 imperio
1241 787 1346 837 regio
1368 788 1506 834 velint3
1533 789 1610 827 im-

193 856 335 894 pensae
359 855 516 894 quoque
536 844 577 882 in
597 844 742 882 bellum
753 846 873 882 factae
884 849 1033 894 partem
1043 844 1241 881 dimidiam
1251 855 1382 894 regem
1393 850 1609 893 praestatu-

155 904 175 935 5
193 912 282 938 rum
304 901 450 950 populo
470 901 659 939 Romano.
701 901 770 938 hae
804 900 1053 939 condiciones
1075 905 1184 938 erant
1203 900 1329 949 pacis3
1350 900 1498 950 reliqua
1518 913 1608 939 ora-

192 957 246 995 tio
270 957 352 1003 fuit,
387 963 429 995 ut
450 968 644 995 memores
665 969 798 994 rerum
818 957 1079 995 humanarum
1100 962 1136 994 et
1157 968 1248 994 suae
1271 957 1450 994 fortunae
1474 957 1611 995 mode-

191 1018 373 1051 rarentur
404 1018 440 1051 et
468 1013 629 1051 alienam
651 1025 700 1051 ne
723 1019 916 1064 urgerent.

194 1171 256 1209 54,
284 1171 321 1210 ὃς
358 1170 419 1207 25,
449 1170 507 1209 18,
539 1171 568 1201 5.
594 1187 637 1190 —
662 1180 756 1209 quam
780 1180 804 1201 e.
828 1180 864 1207 e.,

193 1215 244 1246 die
272 1214 513 1246 Wirklichkeit
537 1215 595 1246 der
612 1213 780 1245 Annahmc
808 1225 866 1255 ge—

192 1259 337 1301 geniiber
370 1259 568 1291 wiederholt
594 1270 654 1290 nur
678 1260 735 1291 das
760 1259 865 1290 wich-

191 1306 299 1346 tigere
331 1308 406 1345 coli,
448 1305 538 1337 nicht
562 1308 680 1337 haberi.
705 1323 747 1327 —
776 1307 811 1336 ob
835 1307 866 1337 Ιι,

192 1352 272 1392 geht
296 1349 356 1382 auf
377 1349 397 1392 ξ
423 1354 443 1384 4
461 1351 601 1393 zuriick3
626 1351 709 1381 doch
734 1351 867 1382 wendet

191 1396 262 1428 sich
303 1397 362 1428 der
395 1395 559 1428 Gesandte
592 1396 684 1427 nicht
707 1397 867 1428 zunilchst

193 1452 234 1473 an
262 1441 295 1473 P.
314 1441 435 1483 Scipio,
461 1442 602 1474 souderu
627 1446 695 1473 erst
721 1452 747 1472 c.
774 1443 826 1474 36.

239 1485 308 1524 35.
338 1489 433 1520 1—3.
458 1499 525 1519 eam
549 1490 717 1528 z‘psamfid.
735 1499 865 1528 —esse‚

191 1534 313 1574 gerade
337 1533 395 1564 der
420 1532 588 1572 Umstaud‚
614 1534 688 1565 dass
715 1533 767 1564 die
799 1532 866 1564 Ge-

191 1579 330 1610 sandten
355 1578 462 1610 nichts
487 1579 619 1619 erlangt
644 1579 780 1617 hiitten,
819 1578 866 1609 sei

192 1625 250 1656 der
276 1623 389 1656 Grund
414 1623 521 1655 selues
550 1624 754 1655 Vertrauens
772 1639 817 1649 =
832 1626 866 1654 z‘oz

191 1682 227 1703 ea
250 1681 285 1702 re
310 1669 366 1710 (eo)
395 1687 432 1692 —
461 1672 546 1710 quod
568 1688 612 1691 -
637 1672 864 1710 impetrassent,

192 1716 258 1748 und
283 1718 369 1756 apsa,
395 1726 420 1747 s.
446 1725 473 1746 c.
502 1717 565 1755 33,
593 1717 623 1753 7,
651 1714 729 1746 tritt
755 1714 864 1754 hinzu,

192 1762 271 1794 weil
305 1763 363 1793 der
388 1760 545 1793 Gedanke
570 1763 657 1802 quod
679 1764 740 1792 ete.
766 1761 866 1791 sehon

191 1807 225 1839 iu
258 1810 449 1848 nequiquam
476 1806 569 1847 liegt.
618 1806 798 1846 Uebrigens
823 1805 867 1837 ist

191 1853 223 1885 in
249 1856 336 1894 quod
350 1871 392 1875 ——
412 1855 630 1891 impetrassent
654 1862 715 1883 nur
739 1851 866 1883 scheiu-

190 1899 253 1930 bar
299 1900 357 1930 der
401 1897 514 1929 Gruud
555 1897 766 1938 angegebcn,
810 1897 867 1928 der

191 1944 366 1976 wirkliche
399 1942 484 1984 folgt
511 1943 545 1974 in
570 1955 708 1984 quarum
732 1960 776 1964 —
800 1949 868 1974 tra-

190 1993 263 2022 dere
298 1993 383 2021 statt
414 2000 488 2020 emm
524 2000 594 2020 eum
624 1992 752 2027 priores
777 1990 869 2030 Zeqati

185 2043 367 2075 propterea,
391 2037 479 2076 quod
503 2036 714 2073 Lampsacum
733 2051 777 2056 ——·
801 2040 867 2065 tra-

191 2083 263 2114 dere
293 2083 483 2118 noluissent,
522 2082 604 2111 m'lzz'l
639 2082 867 2119 impetrassent,

190 2138 223 2159 se
254 2129 317 2158 iam
347 2128 610 2165 inmetraturmn,
648 2137 716 2156 eum
743 2136 799 2156 rex
827 2143 865 2146 --

190 2175 316 2204 tradere
345 2179 482 2211 paratus
517 2178 614 2209 esset,·
658 2170 773 2212 Polyb.
810 2171 867 2201 hat

191 2219 253 2249 den
290 2216 469 2249 Gedauken
506 2227 541 2248 so
578 2216 686 2256 vs‘enig
720 2215 770 2246 als
808 2215 866 2246 das

191 2262 270 2304 folg.
297 2265 534 2302 Lysimaolm'cmz
566 2263 630 2293 und
664 2263 868 2301 Lysimachia

191 2326 235 2331 —
261 2320 380 2350 reyem,
426 2309 467 2340 da
506 2307 612 2339 dieses
654 2307 705 2338 die
746 2306 868 2338 Rfimer

191 2355 291 2385 sehon
317 2354 444 2385 besetzt
470 2353 586 2384 haben.
612 2370 655 2374 —
680 2354 809 2391 Zmyr-72.
825 2370 867 2374 -

192 2402 326 2441 Trocmi,
364 2401 424 2439 35,
464 2400 507 2432 42
546 2398 666 2430 leisten
703 2397 756 2428 die
797 2397 868 2428 drei

191 2445 309 2476 Stiidte
330 2445 412 2475 noch
434 2444 671 2485 VViderstand3
689 2443 767 2474 aber
786 2444 869 2474 nach

194 2491 256 2530 37,
285 2493 345 2530 54,
371 2492 408 2529 23
451 2491 509 2529 38,
540 2491 601 2523 39.
632 2491 669 2522 11
697 2487 781 2519 wird
809 2499 870 2519 nur

966 1013 1123 1051 finirent
1142 1013 1299 1062 Europa
1322 1012 1542 1062 imperium,
1572 1013 1611 1052 id

935 1168 1078 1212 Smyrna
1098 1178 1212 1209 wegen
1229 1167 1338 1200 seiner
1357 1167 1464 1200 Treue
1484 1169 1608 1210 gelobt.

936 1227 1130 1256 —quarum
1146 1216 1282 1254 Lysim„
1310 1213 1376 1254 vgl.
1404 1216 1458 1254 33,
1488 1216 1541 1255 39,
1571 1216 1610 1248 2:

936 1262 1036 1292 decem
1062 1263 1234 1301 leyatorum
1259 1260 1423 1291 Lentulus.
1448 1277 1492 1281 —
1515 1271 1555 1292 ne
1577 1272 1608 1302 q.

939 1324 976 1328 —
1002 1309 1037 1338 in
1065 1308 1214 1345 Europa,
1250 1304 1317 1345 vgl.
1349 1304 1470 1345 jedoch
1496 1315 1521 1338 c.
1553 1307 1609 1345 60,

936 1354 966 1384 T.
1001 1370 1043 1374 —
1077 1362 1129 1383 eas
1158 1362 1189 1391 q,
1223 1353 1257 1382 in
1291 1353 1349 1381 As.
1383 1353 1448 1382 sint
1472 1369 1516 1373 —
1548 1363 1611 1384 esse

935 1398 994 1428 hat
1020 1397 1055 1428 L.
1082 1400 1265 1437 zugcsetzt,
1292 1406 1345 1426 um
1364 1395 1457 1428 einen
1479 1395 1610 1437 Gegen-

934 1446 1006 1473 satz
1040 1453 1080 1473 zu
1112 1445 1147 1473 in
1180 1444 1313 1480 Europa
1349 1451 1390 1472 zu
1426 1441 1609 1482 gewinnen,

935 1488 1005 1519 sich
1031 1488 1110 1519 aber
1132 1487 1222 1518 nicht
1246 1496 1351 1527 genau
1377 1487 1609 1527 ausgedriiekt,

937 1534 979 1564 da
1005 1543 1041 1564 er
1064 1533 1130 1563 wol
1155 1543 1215 1563 nur
1245 1542 1285 1563 an
1313 1531 1364 1563 die
1393 1532 1464 1563 drei
1488 1533 1612 1564 vorher

935 1583 1121 1619 gcnannteu
1131 1577 1248 1609 ὃῐὲἰάῑθ
1259 1577 1370 1617 denkt,
1390 1576 1519 1609 einfach
1535 1582 1611 1619 sagt

935 1623 1004 1655 Pol.
1049 1626 1107 1656 11:
1155 1619 1310 1668 qnia-aun
1350 1623 1412 1665 τῆς
1459 1634 1496 1656 τε
1539 1624 1612 1656 τῶι

935 1670 1211 1724 Λαμψακηνῶν
1269 1670 1331 1700 καὶ
1385 1671 1612 1714 Σαυρναίωι

936 1715 989 1748 ἔτι
1041 1714 1081 1748 (Ῡὲ
1123 1727 1185 1757 της
1229 1714 1302 1747 τῶι
1344 1710 1446 1752 Ἀλεξ
1447 1714 1612 1759 απδρέων

936 1756 1079 1798 πόλεως
1117 1761 1291 1805 ἕκχωρεῖι
1320 1756 1385 1793 Tin
1407 1756 1609 1812 Ἀιτίοχοτ,

937 1804 1075 1851 ὁμοίως
1114 1806 1154 1838 δὲ
1197 1808 1259 1838 καὶ
1305 1805 1377 1838 τῶι
1416 1802 1508 1838 κατὰ
1529 1805 1612 1858 τῆν

936 1839 1100 1884 Αἰολίδα
1145 1853 1207 1884 καὶ
1246 1861 1311 1893 την
1344 1848 1486 1883 ἰ”Ιιηιαν
1526 1846 1610 1884 ὅσα(

936 1894 1190 1941 τυγχαννιοισια
1233 1895 1368 1943 ῃρημὲν
1371 1908 1409 1928 (ιι
1449 1893 1494 1928 τὰ
1530 1893 1611 1929 Ρω-

935 1947 1077 1989 μαιωι,
1119 1942 1172 1974 bei
1211 1942 1246 1974 L
1283 1944 1369 1983 quod
1399 1959 1442 1964 ——
1466 1943 1609 1982 fuerint,

937 1987 1045 2019 wofiir
1069 1987 1213 2028 Madvig,
1240 1988 1280 2018 da
1305 1987 1357 2018 die
1382 1986 1444 2019 ΜΖ
1462 1987 1515 2019 Hs.
1533 1998 1613 2028 quas

938 2052 979 2056 —
1004 2036 1167 2066 edidemnt
1191 2034 1260 2072 hat,
1299 2044 1379 2074 quas
1395 2050 1436 2055 —
1455 2035 1612 2065 edzderint

936 2090 1038 2111 verm.

983 2128 1081 2158 5—6.
1108 2135 1255 2156 memores
1280 2127 1356 2162 etc,
1385 2122 1451 2164 vgl.
1476 2124 1530 2162 30,
1557 2125 1611 2158 30,

941 2172 999 2209 153
1027 2170 1070 2201 ib.
1096 2171 1149 2209 42,
1179 2171 1228 2202 15.
1247 2171 1460 2211 —sortmzae
1483 2171 1611 2205 moder„

936 2227 961 2247 s.
987 2218 1019 2254 4,
1049 2218 1079 2255 7,
1107 2218 1143 2247 6:
1169 2218 1237 2246 irae
1252 2217 1447 2254 moderatos;
1476 2215 1529 2252 31,
1555 2215 1610 2247 44.

938 2264 955 2294 2
986 2272 1015 2292 11.
1041 2272 1069 2292 a.
1096 2278 1140 2283 —
1163 2272 1236 2292 suae
1255 2277 1300 2281 -—
1324 2262 1459 2291 alienam
1482 2258 1612 2290 scheiut

937 2306 1088 2347 zugleich
1129 2305 1180 2337 die
1222 2305 1364 2346 Begriffe
1405 2304 1538 2345 giiustig
1569 2321 1614 2326 ——-

937 2351 1116 2392 ungiinstig
1140 2362 1181 2382 zu
1206 2350 1394 2389 enthalten,
1434 2360 1459 2381 s.
1484 2352 1522 2389 4,
1553 2351 1608 2388 58,

939 2399 975 2430 2:
1017 2404 1052 2429 ut
1075 2408 1111 2428 ex
1136 2399 1328 2428 incommodo
1353 2398 1454 2427 alieno
1479 2406 1538 2426 sua
1561 2406 1611 2427 oe-

938 2445 1019 2474 easz'o
1038 2449 1220 2482 ,veteretum
1249 2443 1311 2479 42,
1338 2442 1400 2481 43,
1429 2442 1464 2479 33
1490 2451 1530 2471 zu
1555 2443 1610 2480 35,

942 2491 999 2525 15,
1042 2490 1071 2520 6.
1097 2506 1140 2509 -
1168 2490 1299 2526 Europa
1334 2490 1414 2518 etc..
1458 2486 1525 2526 vgl.
1556 2486 1610 2523 36,

1711 70 1715 90 Ι
