1715 2723
641 74 767 107 LIBER
794 73 972 107 XXXVII.
998 74 1090 107 CAP.
1117 78 1146 109 7.
1172 78 1201 110 8.

214 75 294 118 170
1487 83 1512 101 a.
1529 82 1557 101 u.
1575 75 1637 102 564.

150 191 191 223 10
211 179 408 224 destituat,
440 176 535 215 nihil
562 188 632 227 per
655 176 883 216 Thraeciam
903 177 993 216 satis
1023 183 1149 216 tutum
1170 178 1346 217 habebis:
1376 179 1504 230 itaque
1526 179 1635 230 prius

210 235 310 285 regis
343 234 517 272 animum
549 233 740 283 explorari
771 233 905 284 placet.
945 233 1089 285 optime
1113 235 1387 284 explorabitur,
1419 236 1450 274 si
1472 236 1566 275 nihil
1586 248 1632 274 ex

150 301 189 333 11
210 296 437 341 praeparato
476 295 653 339 agentem
694 290 889 340 opprimet
920 290 986 340 qui
1015 290 1222 329 mittetur.“
1293 291 1350 329 Ti.
1377 292 1634 344 Sempronius

211 346 421 392 Gracchus,
445 346 559 396 longe
579 351 663 384 tum
682 346 894 384 acerrimus
908 346 1107 393 iuvenum,
1127 347 1173 385 ad
1186 347 1223 385 id
1237 347 1406 387 delectus
1416 361 1486 399 per
1499 349 1634 400 dispo-

208 404 302 441 sitos
324 414 446 452 equos
470 414 593 453 prope
614 402 830 441 incredibili
852 403 1043 442 celeritate
1067 403 1112 442 ab
1126 403 1332 454 Amphissa
1353 427 1408 431 —
1428 405 1518 444 inde
1529 406 1634 444 enim

148 471 188 503 12
209 465 266 498 est
288 458 471 497 dimissus
493 481 547 485 -—-
571 458 630 497 die
653 459 763 497 tertio
786 459 931 498 Pellam
953 460 1141 510 pervenit.
1193 460 1234 498 in
1257 460 1438 499 convivio
1462 474 1530 500 rex
1554 466 1636 500 erat

208 521 245 554 et
275 515 315 553 in
346 515 512 554 multum
535 515 613 553 vini
634 521 895 566 processerat:
927 529 970 555 ea
991 516 1074 567 ipsa
1097 516 1274 555 remissio
1299 517 1417 555 animi
1440 518 1633 569 suspicio-

147 580 188 612 13
208 583 298 610 nem
323 571 490 622 dempsit
513 583 658 610 novare
682 584 772 610 eum
795 573 1003 623 quicquam
1024 573 1131 611 velle.
1163 579 1198 611 et
1220 578 1304 612 tum
1328 573 1485 623 quidem
1508 575 1632 612 comi-

206 634 265 667 ter
284 634 463 679 acceptus
487 628 641 679 hospes,
662 634 819 679 postero
844 629 904 667 die
928 634 1167 668 commeatus
1190 629 1374 668 exercitui
1388 636 1542 680 paratos
1560 629 1631 669 be-

207 685 344 735 nigne,
375 691 513 735 pontes
542 685 582 723 in
605 685 831 724 fluminibus
854 687 974 724 factos
989 717 997 732 ,
1030 686 1109 724 vias
1124 716 1132 732 ‚
1164 685 1231 724 ubi
1254 686 1437 725 transitus
1460 687 1634 725 difficiles

147 749 187 782 14
209 747 328 788 erant,
362 741 529 779 munitas
564 741 666 780 vidit.
708 741 801 780 haec
834 744 1008 781 referens
1034 742 1180 786 eadem,
1212 754 1287 793 qua
1308 743 1413 790 ierat,
1445 743 1634 782 celeritate

206 799 437 836 Thaumacis
469 798 638 836 occurrit
668 798 831 836 consuli.
881 798 972 836 inde
1005 798 1167 837 certiore
1193 805 1229 837 et
1251 799 1395 838 maiore
1417 811 1485 850 spe
1507 800 1633 839 laetus

146 871 187 903 15
208 855 400 893 exercitus
421 854 466 891 ad
488 859 711 904 praeparata
733 854 863 892 onmia
883 854 923 892 in
944 855 1208 893 Macedoniam
1233 856 1420 905 pervenit.
1471 856 1633 894 venien—

206 911 252 950 tis
284 910 389 961 regio
421 917 607 960 apparatu
640 916 676 948 et
705 910 851 961 accepit
872 916 908 949 et
930 916 1161 961 prosecutus
1186 916 1243 949 est
1264 923 1344 949 reX.
1386 912 1504 950 multa
1525 912 1566 950 in
1587 923 1632 950 eo

207 973 243 1005 et
275 967 478 1005 dexteritas
505 972 541 1004 et
563 966 781 1005 humanitas
805 967 905 1013 visa,
938 979 1036 1018 quae
1059 967 1381 1005 commendabilia
1403 968 1506 1018 apud
1527 968 1633 1007 Afri-

207 1035 347 1062 canum
366 1028 485 1070 erant,
504 1022 631 1061 virum
653 1023 753 1062 sicut
773 1023 819 1061 ad
844 1029 968 1062 cetera
991 1024 1200 1074 egregium,
1221 1024 1271 1062 ita
1289 1036 1308 1062 a
1322 1024 1512 1071 comitate,
1535 1036 1633 1075 quae

148 1086 187 1118 16
207 1080 289 1119 sine
311 1080 464 1118 luxuria
485 1085 595 1126 esset,
621 1092 701 1117 non
724 1092 917 1118 aversum.
948 1080 1038 1118 inde
1054 1092 1135 1118 non
1147 1092 1216 1131 per
1228 1081 1492 1119 Macedoniam
1511 1081 1628 1119 modo

207 1137 274 1175 sed
300 1136 413 1175 etiam
434 1136 661 1174 Thraeciam
683 1142 944 1187 prosequente
969 1142 1005 1176 et
1024 1142 1277 1188 praeparante
1298 1137 1428 1176 omnia
1448 1137 1627 1188 Philippo

207 1194 253 1231 ad
278 1193 573 1243 Hellespontum
596 1199 830 1243 perventum
854 1199 922 1232 est.

159 1254 187 1294 8
321 1249 536 1287 Antiochus
563 1256 651 1300 post
681 1250 854 1288 navalem
886 1250 933 1288 ad
965 1250 1160 1301 Corycum
1191 1262 1364 1301 pugnam
1395 1262 1485 1289 cum
1515 1256 1634 1289 totam

206 1362 287 1393 iiber
323 1362 384 1393 den
418 1361 576 1393 VVechsel
612 1361 668 1392 des
703 1360 818 1393 Modus
859 1372 884 1393 s.
956 1360 1127 1393 vielleicht
1159 1368 1187 1393 et
1219 1363 1284 1402 ipse
1315 1373 1364 1394 eos
1394 1373 1484 1401 pros.
1511 1369 1555 1394 est
1577 1371 1636 1403 ge-

207 1409 262 1447 21,
293 1408 343 1445 13,
377 1409 414 1440 5:
448 1408 477 1438 si
499 1409 638 1439 audiatis
669 1425 712 1429 —
737 1409 882 1439 habituri
955 1407 1138 1439 sehrieben.
1178 1424 1222 1429 —
1255 1419 1318 1448 req.
1347 1419 1478 1447 appar„
1517 1406 1633 1450 Polyb.

206 1455 297 1493 escis,
334 1463 373 1484 zu
407 1453 470 1486 30.
496 1454 557 1491 44,
588 1454 645 1492 10;
672 1453 733 1493 23,
761 1454 820 1493 33,
848 1454 885 1492 93
958 1451 1020 1493 113.
1062 1451 1246 1486 1372161
1277 1452 1317 1485 δὲ
1359 1450 1532 1485 Πόπλιοι
1570 1453 1632 1484 καὶ

208 1498 276 1532 uie.
296 1498 357 1529 Att
376 1499 441 1538 .16,
463 1500 512 1535 14,
542 1499 555 1530 1
573 1509 580 1528 :
603 1502 633 1530 εἰ
651 1505 758 1538 posset
775 1516 817 1520 ——
834 1500 884 1529 sin

206 1550 309 1576 autem
333 1546 496 1582 vz'ozcz'tzm';
530 1542 573 1574 ib.
609 1546 638 1583 7,
677 1545 726 1576 10.
769 1562 811 1565 -
850 1554 887 1575 ex

201 1600 326 1630 praep„
354 1590 417 1628 28,
457 1590 519 1630 29,
545 1590 584 1631 93
610 1590 670 1628 22,
700 1590 762 1630 41,
792 1590 819 1622 1.
844 1606 887 1610 -

209 1637 351 1674 Θναεο]ι.,
386 1635 440 1675 38,
467 1636 522 1675 52,
552 1636 583 1667 9.
608 1652 645 1656 —
663 1645 765 1674 ηψπ,
786 1634 886 1665 iiber-

956 1496 1022 1531 τὸι
1055 1494 1167 1531 Γάιοι
1192 1495 1426 1541 ἀποδεξάμεπ
1430 1510 1467 1535 ος
1500 1498 1632 1543 ‹sclav-

956 1541 1116 1589 θρώπως
1154 1544 1214 1576 καὶ
1252 1545 1540 1590 peyakouepoig,
1592 1543 1634 1576 ib.

960 1590 1033 1622 136
1079 1607 1121 1611 -
1170 1591 1377 1621 oommendab.
1418 1590 1477 1620 hat
1521 1587 1635 1620 Cicero

957 1634 1041 1665 noch
1066 1634 1158 1665 nicht
1182 1635 1374 1675 gebimaucht
1409 1653 1441 1655 —
1478 1636 1521 1667 ad
1537 1641 1636 1666 cetera

208 1681 357 1712 raschen.
397 1698 440 1701 —
475 1682 610 1719 cmpos,
646 1678 883 1722 Relaispferde.
955 1691 1074 1721 eyrey.‚
1115 1657 1199 1720 ngD
1222 1681 1282 1720 38,
1317 1681 1374 1719 14,
1403 1681 1439 1712 3:
1465 1682 1509 1712 ad
1530 1691 1636 1712 omma

208 1744 252 1748 —
269 1728 351 1765 inde,
377 1725 447 1756 also
473 1735 536 1756 vor
557 1726 629 1757 dem
659 1724 716 1767 §7
740 1724 884 1757 Erz'zihl-
956 1727 1056 1766 infido
1097 1732 1124 1757 et
1162 1728 1363 1764 importuno,-
1417 1725 1635 1757 verschiedeu

208 1777 273 1803 ten.
309 1789 352 1793 —
381 1773 518 1811 Pellam,
561 1771 612 1803 die
642 1770 803 1803 Residenz
830 1771 888 1803 der
957 1771 1002 1802 ist
1042 1772 1103 1811 30,
1146 1772 1181 1811 1,
1222 1773 1261 1810 43
1298 1771 1507 1812 gewb‘hnlich
1546 1771 1635 1803 steht

210 1816 349 1858 Ronige,
379 1819 433 1856 44,
460 1818 514 1850 46.

260 1864 399 1895 12—16.
426 1865 462 1894 in
479 1864 566 1894 mult.
582 1863 662 1901 vini,
681 1861 762 1893 weit
783 1861 815 1892 iu
830 1862 887 1893 das

210 1907 448 1940 NVeintrinken
480 1907 610 1947 hinein,
656 1907 701 1938 ist
738 1908 821 1938 nach
853 1910 888 1939 in

210 1956 342 1985 multam
367 1961 484 1985 noctem
508 1964 540 1984 u.
567 1953 595 1984 ai.
624 1952 789 1994 gebildct‚
819 1953 888 1993 vgl.

211 2000 264 2038 33,
292 2000 346 2037 48,
376 2000 415 2031 6:
440 2001 536 2030 multo
562 2001 634 2030 vino
663 2001 697 2029 in
713 2009 815 2030 serum
829 2010 888 2030 no-

209 2047 267 2076 ctis
305 2046 484 2076 convivz'mn
516 2047 718 2083 perductum.
756 2062 798 2066 —-
836 2056 888 2076 re-

210 2092 331 2129 missio,
368 2089 601 2131 Abspannung,
629 2089 821 2130 Hingebung
847 2100 888 2121 an

211 2135 263 2167 die
293 2134 449 2167 Geniisse.
477 2153 519 2157 —
548 2137 688 2176 benigne,
717 2145 797 2175 geru
824 2136 889 2167 und

211 2180 382 2212 reichlich.
420 2198 465 2202 -—-
501 2182 568 2212 vehes
592 2185 667 2220 etc„
694 2191 719 2211 5.
750 2182 804 2219 39,
834 2182 887 2221 28,

212 2229 242 2260 9.
278 2244 315 2248 -
347 2228 420 2258 hacc
442 2226 526 2266 ref„
552 2225 641 2257 diese
674 2244 703 2247 -
735 2226 794 2257 mit
819 2226 890 2258 sich

212 2272 383 2313 bringend.
412 2289 454 2293 ——
485 2273 636 2311 Timum„
670 2273 723 2311 36,
755 2273 805 2311 14,
839 2273 888 2304 12.

213 2335 256 2339 ——
276 2319 320 2349 ad
328 2328 441 2357 praep.
461 2328 518 2348 om.
536 2317 729 2348 bezeichnet
755 2317 806 2348 die
830 2318 888 2348 sse-

211 2362 389 2404 stimmung
400 2363 457 2394 der
465 2362 635 2395 Vorriithe
645 2361 697 2394 fuir
707 2361 759 2393 die
772 2361 890 2394 Riimer

213 2418 358 2448 genauer
370 2408 419 2440 als
429 2411 464 2439 in
474 2410 705 2447 Macedoniam,
718 2409 889 2447 ubipraep.

211 2461 311 2486 erant.
330 2472 373 2476 —-
388 2460 416 2486 et
426 2465 548 2494 prosec.
572 2460 626 2494 est,
647 2453 803 2496 Appiam:
829 2455 888 2485 καὶ

215 2496 371 2542 ὑπεδέχε
379 2512 413 2532 ιο
431 2501 488 2532 καὶ
510 2501 766 2546 παρέπεμπεν,
782 2498 816 2529 L.
832 2499 889 2529 hat

956 1816 1009 1848 bei
1041 1819 1194 1858 eqreyius.
1225 1817 1282 1848 der
1299 1816 1438 1847 Ablativ
1455 1816 1515 1848 mit
1529 1819 1573 1848 in.
1591 1834 1636 1839 -

956 1864 1059 1895 comit„
1084 1861 1224 1893 umfasst
1249 1863 1333 1893 nach
1349 1862 1419 1893 dem
1434 1861 1526 1903 Folg.
1550 1862 1635 1893 auch

958 1907 1009 1939 die
1038 1907 1298 1949 Freigebigkeit‚
1328 1907 1392 1948 vgl.
1426 1909 1462 1947 1,
1491 1909 1544 1948 34,
1576 1909 1633 1947 113

959 1952 1065 1985 Plaut.
1104 1952 1195 1985 Trin.
1221 1955 1260 1993 2,
1303 1955 1341 1993 2,
1376 1954 1428 1986 51.
1458 1971 1501 1975 —
1531 1955 1586 1985 sed
1607 1959 1636 1985 ec

958 2001 1048 2039 Thr„
1087 1998 1154 2039 vgl.
1180 2009 1206 2030 c.
1233 2000 1264 2038 3,
1295 2000 1343 2032 10.
1391 1997 1470 2030 Erst
1499 2000 1552 2036 33,
1579 1999 1633 2037 41,

962 2046 1000 2077 12
1038 2044 1122 2075 wird
1161 2044 1232 2076 eine
1265 2043 1324 2075 auf
1359 2043 1471 2076 diesen
1504 2043 1636 2076 Marsch

958 2089 1028 2121 sich
1054 2090 1254 2122 beziehende
1270 2089 1439 2121 Anecdote
1458 2100 1515 2121 aus
1534 2088 1635 2121 Clau-

959 2135 1043 2175 dius,
1077 2136 1139 2167 den
1177 2135 1210 2167 L.
1248 2145 1277 2166 a.
1304 2146 1336 2168 u.
1366 2135 1413 2167 St.
1443 2135 1535 2166 nicht
1563 2134 1634 2166 eiu-

960 2182 1101 2222 gesehen
1137 2181 1213 2217 hat,
1255 2181 1510 2221 nachgetragen.
1567 2180 1636 2211 Den

957 2226 1072 2258 Erlass
1101 2226 1159 2258 der
1186 2225 1534 2267 Hriegscontribution
1555 2224 1634 2257 Phi-

958 2272 1062 2314 lipps,
1095 2283 1118 2303 s.
1145 2283 1186 2303 zu
1211 2273 1272 2310 36,
1305 2273 1367 2311 35,
1398 2273 1447 2311 12,
1474 2271 1636 2311 iibergeht

960 2317 996 2349 L.
1022 2317 1114 2357 hier,
1156 2321 1243 2349 setzt
1267 2316 1323 2347 ihu
1348 2317 1428 2348 aber
1453 2327 1479 2348 c.
1508 2318 1562 2357 25,
1590 2318 1630 2350 12

959 2362 1008 2394 als
1046 2363 1191 2394 bekannt
1216 2372 1345 2394 vorans.

1007 2405 1043 2443 8.
1101 2408 1291 2449 Riistungeu
1340 2407 1395 2439 des
1441 2406 1634 2438 Antiochus.

960 2453 1098 2495 Appian.
1127 2453 1203 2495 Syr.
1230 2455 1281 2485 22.

1009 2500 1103 2532 1-3.
1140 2502 1267 2538 Gorya,
1305 2499 1365 2538 36,
1393 2499 1454 2538 43,
1483 2497 1637 2529 schliesst
