<?xml version="1.0" encoding="UTF-8"?>
<!DOCTYPE html PUBLIC "-//W3C//DTD XHTML 1.0 Transitional//EN"
    "http://www.w3.org/TR/xhtml1/DTD/xhtml1-transitional.dtd">
<html xmlns="http://www.w3.org/1999/xhtml" xml:lang="en" lang="en">
 <head>
  <title>
</title>
<meta http-equiv="Content-Type" content="text/html;charset=utf-8" />
  <meta name='ocr-system' content='tesseract 3.04.00' />
  <meta name='ocr-capabilities' content='ocr_page ocr_carea ocr_par ocr_line ocrx_word'/>
</head>
<body>
  <div class='ocr_page' id='page_1' title='image "./aburbeconditalib0708livyuoft_0690.png"; bbox 0 0 1715 2723; ppageno 0'>
   <div class='ocr_carea' id='block_1_1' title="bbox 116 366 175 406">
    <p class='ocr_par' dir='ltr' id='par_1_1' title="bbox 116 366 175 406">
     <span class='ocr_line' id='line_1_1' title="bbox 116 366 175 406; baseline -0.017 0"><span class='ocrx_word' id='word_1_1' title='bbox 116 366 175 406; x_wconf 80' lang='lat'>24</span> 
     </span>
    </p>
   </div>
   <div class='ocr_carea' id='block_1_2' title="bbox 192 94 275 136">
    <p class='ocr_par' dir='ltr' id='par_1_2' title="bbox 192 94 275 136">
     <span class='ocr_line' id='line_1_2' title="bbox 192 94 275 136; baseline -0.024 0"><span class='ocrx_word' id='word_1_2' title='bbox 192 94 275 136; x_wconf 82' lang='lat'>310</span> 
     </span>
    </p>
   </div>
   <div class='ocr_carea' id='block_1_3' title="bbox 610 91 1195 127">
    <p class='ocr_par' dir='ltr' id='par_1_3' title="bbox 610 91 1195 127">
     <span class='ocr_line' id='line_1_3' title="bbox 610 91 1195 127; baseline 0 -2"><span class='ocrx_word' id='word_1_3' title='bbox 610 93 733 125; x_wconf 86' lang='lat' dir='ltr'>LIBER</span> <span class='ocrx_word' id='word_1_4' title='bbox 745 91 937 126; x_wconf 83' lang='lat' dir='ltr'>XXXVIII.</span> <span class='ocrx_word' id='word_1_5' title='bbox 969 91 1060 124; x_wconf 78' lang='lat' dir='ltr'>CAP.</span> <span class='ocrx_word' id='word_1_6' title='bbox 1075 94 1127 126; x_wconf 83' lang='lat'>23.</span> <span class='ocrx_word' id='word_1_7' title='bbox 1143 95 1195 127; x_wconf 87' lang='lat'>24.</span> 
     </span>
    </p>
   </div>
   <div class='ocr_carea' id='block_1_4' title="bbox 1457 91 1607 118">
    <p class='ocr_par' dir='ltr' id='par_1_4' title="bbox 1457 91 1607 118">
     <span class='ocr_line' id='line_1_4' title="bbox 1457 91 1607 118; baseline 0.013 -2"><span class='ocrx_word' id='word_1_8' title='bbox 1457 99 1482 117; x_wconf 83' lang='lat' dir='ltr'>a.</span> <span class='ocrx_word' id='word_1_9' title='bbox 1501 99 1528 118; x_wconf 83' lang='lat' dir='ltr'>u.</span> <span class='ocrx_word' id='word_1_10' title='bbox 1547 91 1607 118; x_wconf 78' lang='lat'>565.</span> 
     </span>
    </p>
   </div>
   <div class='ocr_carea' id='block_1_5' title="bbox 191 194 1606 358">
    <p class='ocr_par' dir='ltr' id='par_1_5' title="bbox 191 194 1606 358">
     <span class='ocr_line' id='line_1_5' title="bbox 191 194 1605 247; baseline -0.001 -12"><span class='ocrx_word' id='word_1_11' title='bbox 191 203 277 235; x_wconf 85' lang='lat' dir='ltr'>ante</span> <span class='ocrx_word' id='word_1_12' title='bbox 309 196 435 235; x_wconf 86' lang='lat' dir='ltr'>omnis</span> <span class='ocrx_word' id='word_1_13' title='bbox 456 195 601 233; x_wconf 64' lang='lat' dir='ltr'>Attalus</span> <span class='ocrx_word' id='word_1_14' title='bbox 633 206 788 232; x_wconf 88' lang='lat' dir='ltr'>summo</span> <span class='ocrx_word' id='word_1_15' title='bbox 822 200 1041 233; x_wconf 80' lang='lat' dir='ltr'>ceterorum</span> <span class='ocrx_word' id='word_1_16' title='bbox 1071 194 1260 234; x_wconf 84' lang='lat' dir='ltr'>adsensu:</span> <span class='ocrx_word' id='word_1_17' title='bbox 1292 207 1382 235; x_wconf 82' lang='lat' dir='ltr'>nam</span> <span class='ocrx_word' id='word_1_18' title='bbox 1402 195 1605 247; x_wconf 83' lang='lat' dir='ltr'>singularis</span> 
     </span>
     <span class='ocr_line' id='line_1_6' title="bbox 192 250 1606 302; baseline 0 -11"><span class='ocrx_word' id='word_1_19' title='bbox 192 253 273 291; x_wconf 90' lang='lat' dir='ltr'>eius</span> <span class='ocrx_word' id='word_1_20' title='bbox 304 251 453 290; x_wconf 88' lang='lat' dir='ltr'>iuvenis</span> <span class='ocrx_word' id='word_1_21' title='bbox 484 263 574 289; x_wconf 89' lang='lat' dir='ltr'>cum</span> <span class='ocrx_word' id='word_1_22' title='bbox 604 250 725 288; x_wconf 69' lang='lat' dir='ltr'>virtus</span> <span class='ocrx_word' id='word_1_23' title='bbox 749 256 785 289; x_wconf 81' lang='lat' dir='ltr'>et</span> <span class='ocrx_word' id='word_1_24' title='bbox 806 250 995 289; x_wconf 85' lang='lat' dir='ltr'>industria</span> <span class='ocrx_word' id='word_1_25' title='bbox 1016 250 1056 288; x_wconf 90' lang='lat' dir='ltr'>in</span> <span class='ocrx_word' id='word_1_26' title='bbox 1079 250 1260 290; x_wconf 87' lang='lat' dir='ltr'>omnibus</span> <span class='ocrx_word' id='word_1_27' title='bbox 1282 251 1478 291; x_wconf 85' lang='lat' dir='ltr'>laboribus</span> <span class='ocrx_word' id='word_1_28' title='bbox 1500 252 1606 302; x_wconf 87' lang='lat' dir='ltr'>peri-</span> 
     </span>
     <span class='ocr_line' id='line_1_7' title="bbox 193 306 963 358; baseline -0.004 -11"><span class='ocrx_word' id='word_1_29' title='bbox 193 309 365 358; x_wconf 86' lang='lat' dir='ltr'>culisque</span> <span class='ocrx_word' id='word_1_30' title='bbox 388 312 470 345; x_wconf 84' lang='lat' dir='ltr'>tum</span> <span class='ocrx_word' id='word_1_31' title='bbox 490 306 678 345; x_wconf 84' lang='lat' dir='ltr'>modestia</span> <span class='ocrx_word' id='word_1_32' title='bbox 695 306 807 345; x_wconf 78' lang='lat' dir='ltr'>etiam</span> <span class='ocrx_word' id='word_1_33' title='bbox 829 308 963 345; x_wconf 84' lang='lat' dir='ltr'>fuerat.</span> 
     </span>
    </p>
   </div>
   <div class='ocr_carea' id='block_1_6' title="bbox 305 361 1291 413">
    <p class='ocr_par' dir='ltr' id='par_1_6' title="bbox 305 361 1291 413">
     <span class='ocr_line' id='line_1_8' title="bbox 305 361 1291 413; baseline -0.002 -11"><span class='ocrx_word' id='word_1_34' title='bbox 305 364 512 413; x_wconf 80' lang='lat' dir='ltr'>Supererat</span> <span class='ocrx_word' id='word_1_35' title='bbox 542 362 684 401; x_wconf 88' lang='lat' dir='ltr'>bellum</span> <span class='ocrx_word' id='word_1_36' title='bbox 714 363 908 413; x_wconf 80' lang='lat' dir='ltr'>integrum</span> <span class='ocrx_word' id='word_1_37' title='bbox 939 375 1029 402; x_wconf 88' lang='lat' dir='ltr'>cum</span> <span class='ocrx_word' id='word_1_38' title='bbox 1061 361 1291 412; x_wconf 80' lang='lat' dir='ltr'>Tectosagis.</span> 
     </span>
    </p>
   </div>
   <div class='ocr_carea' id='block_1_7' title="bbox 1341 363 1605 415">
    <p class='ocr_par' dir='ltr' id='par_1_7' title="bbox 1341 363 1605 415">
     <span class='ocr_line' id='line_1_9' title="bbox 1341 363 1605 415; baseline 0.004 -14"><span class='ocrx_word' id='word_1_39' title='bbox 1341 363 1387 401; x_wconf 84' lang='lat' dir='ltr'>ad</span> <span class='ocrx_word' id='word_1_40' title='bbox 1414 376 1479 403; x_wconf 91' lang='lat' dir='ltr'>eos</span> <span class='ocrx_word' id='word_1_41' title='bbox 1510 377 1605 415; x_wconf 88' lang='lat' dir='ltr'>pro-</span> 
     </span>
    </p>
   </div>
   <div class='ocr_carea' id='block_1_8' title="bbox 194 417 1604 470">
    <p class='ocr_par' dir='ltr' id='par_1_8' title="bbox 194 417 1604 470">
     <span class='ocr_line' id='line_1_10' title="bbox 194 417 1604 470; baseline 0.001 -12"><span class='ocrx_word' id='word_1_42' title='bbox 194 422 316 458; x_wconf 75' lang='lat' dir='ltr'>fectus</span> <span class='ocrx_word' id='word_1_43' title='bbox 338 419 475 458; x_wconf 86' lang='lat' dir='ltr'>consul</span> <span class='ocrx_word' id='word_1_44' title='bbox 495 419 613 457; x_wconf 75' lang='lat' dir='ltr'>tertiis</span> <span class='ocrx_word' id='word_1_45' title='bbox 635 419 767 457; x_wconf 84' lang='lat' dir='ltr'>castris</span> <span class='ocrx_word' id='word_1_46' title='bbox 780 419 985 470; x_wconf 80' lang='lat' dir='ltr'>Ancyram,</span> <span class='ocrx_word' id='word_1_47' title='bbox 1008 417 1207 457; x_wconf 87' lang='lat' dir='ltr'>nobilem</span> <span class='ocrx_word' id='word_1_48' title='bbox 1197 430 1238 456; x_wconf 85' lang='lat' dir='ltr'>m</span> <span class='ocrx_word' id='word_1_49' title='bbox 1257 418 1328 457; x_wconf 87' lang='lat' dir='ltr'>illis</span> <span class='ocrx_word' id='word_1_50' title='bbox 1344 419 1437 458; x_wconf 90' lang='lat' dir='ltr'>locis</span> <span class='ocrx_word' id='word_1_51' title='bbox 1454 420 1604 467; x_wconf 88' lang='lat' dir='ltr'>urbem,</span> 
     </span>
    </p>
   </div>
   <div class='ocr_carea' id='block_1_9' title="bbox 153 474 1426 582">
    <p class='ocr_par' dir='ltr' id='par_1_9' title="bbox 153 474 1416 582">
     <span class='ocr_line' id='line_1_11' title="bbox 153 474 1374 526; baseline -0.001 -11"><span class='ocrx_word' id='word_1_52' title='bbox 153 485 173 516; x_wconf 90' lang='lat'>2</span> <span class='ocrx_word' id='word_1_53' title='bbox 192 476 377 526; x_wconf 85' lang='lat' dir='ltr'>pervenit,</span> <span class='ocrx_word' id='word_1_54' title='bbox 407 475 511 514; x_wconf 85' lang='lat' dir='ltr'>unde</span> <span class='ocrx_word' id='word_1_55' title='bbox 535 475 664 514; x_wconf 84' lang='lat' dir='ltr'>hostes</span> <span class='ocrx_word' id='word_1_56' title='bbox 686 476 799 526; x_wconf 89' lang='lat' dir='ltr'>paulo</span> <span class='ocrx_word' id='word_1_57' title='bbox 822 475 907 526; x_wconf 90' lang='lat' dir='ltr'>plus</span> <span class='ocrx_word' id='word_1_58' title='bbox 931 475 1064 514; x_wconf 89' lang='lat' dir='ltr'>decem</span> <span class='ocrx_word' id='word_1_59' title='bbox 1084 474 1186 513; x_wconf 81' lang='lat' dir='ltr'>milia</span> <span class='ocrx_word' id='word_1_60' title='bbox 1206 474 1374 514; x_wconf 81' lang='lat' dir='ltr'>abeiant.</span> 
     </span>
     <span class='ocr_line' id='line_1_12' title="bbox 191 531 1426 582; baseline 0 -12"><span class='ocrx_word' id='word_1_61' title='bbox 191 532 323 570; x_wconf 76' lang='lat' dir='ltr'>stativa</span> <span class='ocrx_word' id='word_1_62' title='bbox 345 537 494 578; x_wconf 77' lang='lat' dir='ltr'>essent,</span> <span class='ocrx_word' id='word_1_63' title='bbox 522 531 669 569; x_wconf 79' lang='lat' dir='ltr'>facinus</span> <span class='ocrx_word' id='word_1_64' title='bbox 693 531 940 570; x_wconf 77' lang='lat' dir='ltr'>memorabile</span> <span class='ocrx_word' id='word_1_65' title='bbox 963 545 984 570; x_wconf 91' lang='lat' dir='ltr'>a</span> <span class='ocrx_word' id='word_1_66' title='bbox 1007 531 1152 582; x_wconf 80' lang='lat' dir='ltr'>captiva</span> <span class='ocrx_word' id='word_1_67' title='bbox 1185 532 1330 570; x_wconf 80' lang='lat' dir='ltr'>factum</span> <span class='ocrx_word' id='word_1_68' title='bbox 1359 537 1426 571; x_wconf 88' lang='lat' dir='ltr'>est.</span> 
     </span>
    </p>
   </div>
   <div class='ocr_carea' id='block_1_10' title="bbox 1424 475 1606 583">
    <p class='ocr_par' dir='ltr' id='par_1_10' title="bbox 1424 475 1606 583">
     <span class='ocr_line' id='line_1_13' title="bbox 1424 475 1606 515; baseline 0.005 -1"><span class='ocrx_word' id='word_1_69' title='bbox 1424 475 1489 514; x_wconf 90' lang='lat' dir='ltr'>ubi</span> <span class='ocrx_word' id='word_1_70' title='bbox 1517 488 1606 515; x_wconf 89' lang='lat' dir='ltr'>cum</span> 
     </span>
     <span class='ocr_line' id='line_1_14' title="bbox 1471 532 1606 583; baseline -0.007 -12"><span class='ocrx_word' id='word_1_71' title='bbox 1471 532 1606 583; x_wconf 84' lang='lat' dir='ltr'>Orgia-</span> 
     </span>
    </p>
   </div>
   <div class='ocr_carea' id='block_1_11' title="bbox 151 587 1607 920">
    <p class='ocr_par' dir='ltr' id='par_1_11' title="bbox 151 587 1607 920">
     <span class='ocr_line' id='line_1_15' title="bbox 191 587 1605 639; baseline 0.001 -13"><span class='ocrx_word' id='word_1_72' title='bbox 191 588 317 639; x_wconf 79' lang='lat' dir='ltr'>gontis</span> <span class='ocrx_word' id='word_1_73' title='bbox 341 588 462 638; x_wconf 77' lang='lat' dir='ltr'>leguli</span> <span class='ocrx_word' id='word_1_74' title='bbox 484 600 583 626; x_wconf 84' lang='lat' dir='ltr'>uxor</span> <span class='ocrx_word' id='word_1_75' title='bbox 605 589 731 626; x_wconf 84' lang='lat' dir='ltr'>forma</span> <span class='ocrx_word' id='word_1_76' title='bbox 751 588 889 626; x_wconf 79' lang='lat' dir='ltr'>eximia</span> <span class='ocrx_word' id='word_1_77' title='bbox 913 588 1200 627; x_wconf 81' lang='lat' dir='ltr'>custodiebatur</span> <span class='ocrx_word' id='word_1_78' title='bbox 1218 587 1318 626; x_wconf 84' lang='lat' dir='ltr'>inter</span> <span class='ocrx_word' id='word_1_79' title='bbox 1340 588 1471 638; x_wconf 89' lang='lat' dir='ltr'>plures</span> <span class='ocrx_word' id='word_1_80' title='bbox 1485 588 1605 639; x_wconf 82' lang='lat' dir='ltr'>capti-</span> 
     </span>
     <span class='ocr_line' id='line_1_16' title="bbox 192 644 1604 695; baseline 0.001 -13"><span class='ocrx_word' id='word_1_81' title='bbox 192 657 278 691; x_wconf 69' lang='lat' dir='ltr'>vas,</span> <span class='ocrx_word' id='word_1_82' title='bbox 310 644 371 683; x_wconf 88' lang='lat' dir='ltr'>cui</span> <span class='ocrx_word' id='word_1_83' title='bbox 393 644 587 683; x_wconf 73' lang='lat' dir='ltr'>custodiae</span> <span class='ocrx_word' id='word_1_84' title='bbox 609 644 783 683; x_wconf 81' lang='lat' dir='ltr'>centurio</span> <span class='ocrx_word' id='word_1_85' title='bbox 806 650 981 695; x_wconf 79' lang='lat' dir='ltr'>praeerat</span> <span class='ocrx_word' id='word_1_86' title='bbox 1002 651 1038 683; x_wconf 83' lang='lat' dir='ltr'>et</span> <span class='ocrx_word' id='word_1_87' title='bbox 1057 644 1225 682; x_wconf 89' lang='lat' dir='ltr'>libidinis</span> <span class='ocrx_word' id='word_1_88' title='bbox 1247 650 1283 683; x_wconf 79' lang='lat' dir='ltr'>et</span> <span class='ocrx_word' id='word_1_89' title='bbox 1304 645 1480 683; x_wconf 84' lang='lat' dir='ltr'>avaritiae</span> <span class='ocrx_word' id='word_1_90' title='bbox 1504 645 1604 683; x_wconf 89' lang='lat' dir='ltr'>mili-</span> 
     </span>
     <span class='ocr_line' id='line_1_17' title="bbox 151 700 1605 751; baseline 0 -12"><span class='ocrx_word' id='word_1_91' title='bbox 151 706 171 738; x_wconf 88' lang='lat'><strong>3</strong></span> <span class='ocrx_word' id='word_1_92' title='bbox 193 701 292 739; x_wconf 75' lang='lat' dir='ltr'>taris.</span> <span class='ocrx_word' id='word_1_93' title='bbox 329 701 360 739; x_wconf 93' lang='lat' dir='ltr'>is</span> <span class='ocrx_word' id='word_1_94' title='bbox 381 701 508 751; x_wconf 89' lang='lat' dir='ltr'>primo</span> <span class='ocrx_word' id='word_1_95' title='bbox 531 701 705 739; x_wconf 88' lang='lat' dir='ltr'>animum</span> <span class='ocrx_word' id='word_1_96' title='bbox 728 701 943 751; x_wconf 73' lang='lat' dir='ltr'>temptavit,</span> <span class='ocrx_word' id='word_1_97' title='bbox 967 713 1085 751; x_wconf 86' lang='lat' dir='ltr'>quem</span> <span class='ocrx_word' id='word_1_98' title='bbox 1106 713 1194 739; x_wconf 91' lang='lat' dir='ltr'>cum</span> <span class='ocrx_word' id='word_1_99' title='bbox 1209 700 1484 740; x_wconf 83' lang='lat' dir='ltr'>abhorrentem</span> <span class='ocrx_word' id='word_1_100' title='bbox 1499 713 1519 739; x_wconf 89' lang='lat' dir='ltr'>a</span> <span class='ocrx_word' id='word_1_101' title='bbox 1533 714 1605 739; x_wconf 90' lang='lat' dir='ltr'>vo-</span> 
     </span>
     <span class='ocr_line' id='line_1_18' title="bbox 191 757 1606 808; baseline 0.001 -13"><span class='ocrx_word' id='word_1_102' title='bbox 191 758 356 796; x_wconf 80' lang='lat' dir='ltr'>luntario</span> <span class='ocrx_word' id='word_1_103' title='bbox 380 757 525 796; x_wconf 76' lang='lat' dir='ltr'>videret</span> <span class='ocrx_word' id='word_1_104' title='bbox 545 763 692 807; x_wconf 79' lang='lat' dir='ltr'>stupro,</span> <span class='ocrx_word' id='word_1_105' title='bbox 723 758 891 808; x_wconf 90' lang='lat' dir='ltr'>corpori,</span> <span class='ocrx_word' id='word_1_106' title='bbox 922 757 1026 807; x_wconf 85' lang='lat' dir='ltr'>quod</span> <span class='ocrx_word' id='word_1_107' title='bbox 1052 769 1210 796; x_wconf 86' lang='lat' dir='ltr'>servum</span> <span class='ocrx_word' id='word_1_108' title='bbox 1232 758 1388 796; x_wconf 78' lang='lat' dir='ltr'>fortuna</span> <span class='ocrx_word' id='word_1_109' title='bbox 1411 764 1500 804; x_wconf 81' lang='lat' dir='ltr'>erat,</span> <span class='ocrx_word' id='word_1_110' title='bbox 1527 758 1606 796; x_wconf 91' lang='lat' dir='ltr'>vim</span> 
     </span>
     <span class='ocr_line' id='line_1_19' title="bbox 152 813 1607 864; baseline 0.001 -13"><span class='ocrx_word' id='word_1_111' title='bbox 152 815 174 847; x_wconf 84' lang='lat'>4</span> <span class='ocrx_word' id='word_1_112' title='bbox 193 814 292 852; x_wconf 81' lang='lat' dir='ltr'>fecit.</span> <span class='ocrx_word' id='word_1_113' title='bbox 320 813 459 852; x_wconf 84' lang='lat' dir='ltr'>deinde</span> <span class='ocrx_word' id='word_1_114' title='bbox 480 813 526 851; x_wconf 85' lang='lat' dir='ltr'>ad</span> <span class='ocrx_word' id='word_1_115' title='bbox 547 813 766 852; x_wconf 89' lang='lat' dir='ltr'>leniendam</span> <span class='ocrx_word' id='word_1_116' title='bbox 789 813 1053 864; x_wconf 79' lang='lat' dir='ltr'>indignitatem</span> <span class='ocrx_word' id='word_1_117' title='bbox 1077 813 1238 851; x_wconf 85' lang='lat' dir='ltr'>iniuriae</span> <span class='ocrx_word' id='word_1_118' title='bbox 1262 826 1372 864; x_wconf 87' lang='lat' dir='ltr'>spem</span> <span class='ocrx_word' id='word_1_119' title='bbox 1393 814 1538 853; x_wconf 85' lang='lat' dir='ltr'>reditus</span> <span class='ocrx_word' id='word_1_120' title='bbox 1559 814 1607 852; x_wconf 86' lang='lat' dir='ltr'>ad</span> 
     </span>
     <span class='ocr_line' id='line_1_20' title="bbox 193 863 1605 920; baseline 0 -12"><span class='ocrx_word' id='word_1_121' title='bbox 193 882 286 908; x_wconf 91' lang='lat' dir='ltr'>suos</span> <span class='ocrx_word' id='word_1_122' title='bbox 309 870 461 908; x_wconf 86' lang='lat' dir='ltr'>mulieri</span> <span class='ocrx_word' id='word_1_123' title='bbox 483 870 582 916; x_wconf 82' lang='lat' dir='ltr'>facit,</span> <span class='ocrx_word' id='word_1_124' title='bbox 604 875 640 908; x_wconf 86' lang='lat' dir='ltr'>et</span> <span class='ocrx_word' id='word_1_125' title='bbox 662 882 710 908; x_wconf 85' lang='lat' dir='ltr'>ne</span> <span class='ocrx_word' id='word_1_126' title='bbox 736 882 820 908; x_wconf 90' lang='lat' dir='ltr'>eam</span> <span class='ocrx_word' id='word_1_127' title='bbox 841 863 1010 920; x_wconf 80' lang='lat' dir='ltr'>quidem,</span> <span class='ocrx_word' id='word_1_128' title='bbox 1037 875 1078 908; x_wconf 84' lang='lat' dir='ltr'>ut</span> <span class='ocrx_word' id='word_1_129' title='bbox 1098 882 1242 914; x_wconf 86' lang='lat' dir='ltr'>amans,</span> <span class='ocrx_word' id='word_1_130' title='bbox 1266 870 1478 920; x_wconf 84' lang='lat' dir='ltr'>gratuitam.</span> <span class='ocrx_word' id='word_1_131' title='bbox 1501 876 1605 909; x_wconf 85' lang='lat' dir='ltr'>certo</span> 
     </span>
    </p>
   </div>
   <div class='ocr_carea' id='block_1_12' title="bbox 153 925 1609 1146">
    <p class='ocr_par' dir='ltr' id='par_1_12' title="bbox 153 925 1609 1146">
     <span class='ocr_line' id='line_1_21' title="bbox 192 925 1609 977; baseline 0.001 -13"><span class='ocrx_word' id='word_1_132' title='bbox 192 926 274 964; x_wconf 87' lang='lat' dir='ltr'>auri</span> <span class='ocrx_word' id='word_1_133' title='bbox 304 926 477 976; x_wconf 88' lang='lat' dir='ltr'>pondere</span> <span class='ocrx_word' id='word_1_134' title='bbox 506 932 661 976; x_wconf 85' lang='lat' dir='ltr'>pactus,</span> <span class='ocrx_word' id='word_1_135' title='bbox 691 938 740 964; x_wconf 90' lang='lat' dir='ltr'>ne</span> <span class='ocrx_word' id='word_1_136' title='bbox 769 938 885 976; x_wconf 89' lang='lat' dir='ltr'>quem</span> <span class='ocrx_word' id='word_1_137' title='bbox 918 938 1081 964; x_wconf 88' lang='lat' dir='ltr'>suorum</span> <span class='ocrx_word' id='word_1_138' title='bbox 1112 926 1314 964; x_wconf 89' lang='lat' dir='ltr'>conscium</span> <span class='ocrx_word' id='word_1_139' title='bbox 1333 925 1508 973; x_wconf 86' lang='lat' dir='ltr'>haberet,</span> <span class='ocrx_word' id='word_1_140' title='bbox 1534 926 1609 977; x_wconf 90' lang='lat' dir='ltr'>ipsi</span> 
     </span>
     <span class='ocr_line' id='line_1_22' title="bbox 192 982 1607 1033; baseline 0.001 -13"><span class='ocrx_word' id='word_1_141' title='bbox 192 983 386 1032; x_wconf 78' lang='lat' dir='ltr'>permittit,</span> <span class='ocrx_word' id='word_1_142' title='bbox 408 988 461 1029; x_wconf 85' lang='lat' dir='ltr'>ut,</span> <span class='ocrx_word' id='word_1_143' title='bbox 483 995 600 1033; x_wconf 81' lang='lat' dir='ltr'>quem</span> <span class='ocrx_word' id='word_1_144' title='bbox 621 982 742 1028; x_wconf 79' lang='lat' dir='ltr'>vellet,</span> <span class='ocrx_word' id='word_1_145' title='bbox 765 995 887 1021; x_wconf 83' lang='grc' dir='ltr'>ιιιιιιιιι</span> <span class='ocrx_word' id='word_1_146' title='bbox 908 995 955 1020; x_wconf 78' lang='lat' dir='ltr'>ex</span> <span class='ocrx_word' id='word_1_147' title='bbox 976 982 1132 1033; x_wconf 79' lang='lat' dir='ltr'>captivis</span> <span class='ocrx_word' id='word_1_148' title='bbox 1153 982 1334 1020; x_wconf 86' lang='lat' dir='ltr'>nuntium</span> <span class='ocrx_word' id='word_1_149' title='bbox 1348 982 1393 1021; x_wconf 88' lang='lat' dir='ltr'>ad</span> <span class='ocrx_word' id='word_1_150' title='bbox 1412 995 1504 1021; x_wconf 82' lang='lat' dir='ltr'>suos</span> <span class='ocrx_word' id='word_1_151' title='bbox 1517 983 1607 1021; x_wconf 87' lang='lat' dir='ltr'>mit-</span> 
     </span>
     <span class='ocr_line' id='line_1_23' title="bbox 153 1039 1606 1089; baseline 0.002 -14"><span class='ocrx_word' id='word_1_152' title='bbox 153 1043 172 1074; x_wconf 84' lang='lat'>5</span> <span class='ocrx_word' id='word_1_153' title='bbox 194 1045 298 1077; x_wconf 74' lang='lat' dir='ltr'>teret.</span> <span class='ocrx_word' id='word_1_154' title='bbox 347 1039 476 1077; x_wconf 87' lang='lat' dir='ltr'>locum</span> <span class='ocrx_word' id='word_1_155' title='bbox 498 1051 621 1089; x_wconf 82' lang='lat' dir='ltr'>prope</span> <span class='ocrx_word' id='word_1_156' title='bbox 643 1039 790 1077; x_wconf 88' lang='lat' dir='ltr'>flumen</span> <span class='ocrx_word' id='word_1_157' title='bbox 811 1039 1018 1085; x_wconf 77' lang='lat' dir='ltr'>constituit,</span> <span class='ocrx_word' id='word_1_158' title='bbox 1047 1051 1124 1089; x_wconf 89' lang='lat' dir='ltr'>quo</span> <span class='ocrx_word' id='word_1_159' title='bbox 1149 1039 1226 1077; x_wconf 91' lang='lat' dir='ltr'>duo</span> <span class='ocrx_word' id='word_1_160' title='bbox 1248 1051 1296 1077; x_wconf 90' lang='lat' dir='ltr'>ne</span> <span class='ocrx_word' id='word_1_161' title='bbox 1318 1039 1405 1089; x_wconf 87' lang='lat' dir='ltr'>plus</span> <span class='ocrx_word' id='word_1_162' title='bbox 1426 1051 1606 1078; x_wconf 86' lang='lat' dir='ltr'>necessa-</span> 
     </span>
     <span class='ocr_line' id='line_1_24' title="bbox 191 1095 1607 1146; baseline -0.001 -12"><span class='ocrx_word' id='word_1_163' title='bbox 191 1095 237 1133; x_wconf 89' lang='lat' dir='ltr'>rii</span> <span class='ocrx_word' id='word_1_164' title='bbox 259 1096 425 1146; x_wconf 84' lang='lat' dir='ltr'>captivae</span> <span class='ocrx_word' id='word_1_165' title='bbox 449 1108 537 1134; x_wconf 83' lang='lat' dir='ltr'>cum</span> <span class='ocrx_word' id='word_1_166' title='bbox 562 1108 657 1133; x_wconf 88' lang='lat' dir='ltr'>auro</span> <span class='ocrx_word' id='word_1_167' title='bbox 682 1095 858 1134; x_wconf 83' lang='lat' dir='ltr'>venirent</span> <span class='ocrx_word' id='word_1_168' title='bbox 878 1100 991 1134; x_wconf 80' lang='lat' dir='ltr'>nocte</span> <span class='ocrx_word' id='word_1_169' title='bbox 1015 1095 1236 1146; x_wconf 72' lang='lat' dir='ltr'>insequenti</span> <span class='ocrx_word' id='word_1_170' title='bbox 1256 1095 1302 1133; x_wconf 86' lang='lat' dir='ltr'>ad</span> <span class='ocrx_word' id='word_1_171' title='bbox 1319 1108 1401 1134; x_wconf 88' lang='lat' dir='ltr'>eam</span> <span class='ocrx_word' id='word_1_172' title='bbox 1413 1096 1607 1146; x_wconf 87' lang='lat' dir='ltr'>accipien-</span> 
     </span>
    </p>
   </div>
   <div class='ocr_carea' id='block_1_13' title="bbox 182 1240 866 2554">
    <p class='ocr_par' dir='ltr' id='par_1_13' title="bbox 189 1240 865 1600">
     <span class='ocr_line' id='line_1_25' title="bbox 190 1240 862 1280; baseline -0.001 -9"><span class='ocrx_word' id='word_1_173' title='bbox 190 1240 222 1271; x_wconf 88' lang='lat' dir='ltr'>in</span> <span class='ocrx_word' id='word_1_174' title='bbox 243 1240 426 1280; x_wconf 77' lang='lat' dir='ltr'>dei-selben,</span> <span class='ocrx_word' id='word_1_175' title='bbox 448 1242 501 1279; x_wconf 84' lang='lat'>42,</span> <span class='ocrx_word' id='word_1_176' title='bbox 527 1242 581 1277; x_wconf 78' lang='lat'>60,</span> <span class='ocrx_word' id='word_1_177' title='bbox 613 1242 664 1274; x_wconf 83' lang='lat'>10,</span> <span class='ocrx_word' id='word_1_178' title='bbox 680 1258 723 1262; x_wconf 98' lang='lat'><strong>—</strong></span> <span class='ocrx_word' id='word_1_179' title='bbox 746 1242 862 1280; x_wconf 56' lang='lat' dir='ltr'>quisq,</span> 
     </span>
     <span class='ocr_line' id='line_1_26' title="bbox 189 1284 864 1326; baseline -0.001 -9"><span class='ocrx_word' id='word_1_180' title='bbox 189 1286 261 1318; x_wconf 88' lang='lat' dir='ltr'>hier</span> <span class='ocrx_word' id='word_1_181' title='bbox 302 1285 334 1316; x_wconf 91' lang='lat' dir='ltr'>in</span> <span class='ocrx_word' id='word_1_182' title='bbox 374 1284 535 1317; x_wconf 84' lang='lat' dir='ltr'>scharfem</span> <span class='ocrx_word' id='word_1_183' title='bbox 578 1284 784 1326; x_wconf 79' lang='lat' dir='ltr'>Gegeusatze</span> <span class='ocrx_word' id='word_1_184' title='bbox 824 1296 864 1316; x_wconf 86' lang='lat' dir='ltr'>zu</span> 
     </span>
     <span class='ocr_line' id='line_1_27' title="bbox 189 1329 862 1371; baseline -0.004 -7"><span class='ocrx_word' id='word_1_185' title='bbox 189 1342 309 1364; x_wconf 73' lang='lat' dir='ltr'>omnes:</span> <span class='ocrx_word' id='word_1_186' title='bbox 354 1330 451 1371; x_wconf 85' lang='lat' dir='ltr'>jeder</span> <span class='ocrx_word' id='word_1_187' title='bbox 494 1330 642 1362; x_wconf 86' lang='lat' dir='ltr'>einzelne</span> <span class='ocrx_word' id='word_1_188' title='bbox 686 1329 740 1362; x_wconf 80' lang='lat' dir='ltr'>fiir</span> <span class='ocrx_word' id='word_1_189' title='bbox 782 1329 862 1369; x_wconf 88' lang='lat' dir='ltr'>sich,</span> 
     </span>
     <span class='ocr_line' id='line_1_28' title="bbox 189 1375 865 1416; baseline -0.003 -8"><span class='ocrx_word' id='word_1_190' title='bbox 189 1378 248 1408; x_wconf 77' lang='lat' dir='ltr'>hat</span> <span class='ocrx_word' id='word_1_191' title='bbox 282 1376 353 1408; x_wconf 90' lang='lat' dir='ltr'>sich</span> <span class='ocrx_word' id='word_1_192' title='bbox 388 1387 429 1407; x_wconf 84' lang='lat' dir='ltr'>an</span> <span class='ocrx_word' id='word_1_193' title='bbox 462 1376 519 1408; x_wconf 83' lang='lat' dir='ltr'>das</span> <span class='ocrx_word' id='word_1_194' title='bbox 561 1376 611 1407; x_wconf 83' lang='lat' dir='ltr'>die</span> <span class='ocrx_word' id='word_1_195' title='bbox 645 1375 865 1416; x_wconf 84' lang='lat' dir='ltr'>Vertheilung</span> 
     </span>
     <span class='ocr_line' id='line_1_29' title="bbox 190 1421 863 1462; baseline -0.003 -8"><span class='ocrx_word' id='word_1_196' title='bbox 190 1422 431 1454; x_wconf 84' lang='lat' dir='ltr'>bezeichnende</span> <span class='ocrx_word' id='word_1_197' title='bbox 442 1433 505 1461; x_wconf 71' lang='lat' dir='ltr'>pro</span> <span class='ocrx_word' id='word_1_198' title='bbox 523 1424 632 1453; x_wconf 73' lang='lat' dir='ltr'>merito</span> <span class='ocrx_word' id='word_1_199' title='bbox 648 1421 863 1462; x_wconf 82' lang='lat' dir='ltr'>angeschlos-</span> 
     </span>
     <span class='ocr_line' id='line_1_30' title="bbox 190 1468 862 1508; baseline -0.001 -9"><span class='ocrx_word' id='word_1_200' title='bbox 190 1478 258 1508; x_wconf 83' lang='lat' dir='ltr'>sen,</span> <span class='ocrx_word' id='word_1_201' title='bbox 293 1468 360 1508; x_wconf 82' lang='lat' dir='ltr'>vgl.</span> <span class='ocrx_word' id='word_1_202' title='bbox 397 1469 450 1507; x_wconf 79' lang='lat'>34,</span> <span class='ocrx_word' id='word_1_203' title='bbox 481 1468 532 1508; x_wconf 79' lang='lat'>56,</span> <span class='ocrx_word' id='word_1_204' title='bbox 567 1468 605 1500; x_wconf 80' lang='lat'>6:</span> <span class='ocrx_word' id='word_1_205' title='bbox 638 1478 701 1506; x_wconf 72' lang='lat' dir='ltr'>pro</span> <span class='ocrx_word' id='word_1_206' title='bbox 733 1478 862 1498; x_wconf 76' lang='lat' dir='ltr'>numero</span> 
     </span>
     <span class='ocr_line' id='line_1_31' title="bbox 190 1514 863 1554; baseline -0.001 -8"><span class='ocrx_word' id='word_1_207' title='bbox 190 1516 350 1554; x_wconf 70' lang='lat' dir='ltr'>cuiusque.</span> <span class='ocrx_word' id='word_1_208' title='bbox 381 1531 420 1535; x_wconf 96' lang='lat'><strong>—</strong></span> <span class='ocrx_word' id='word_1_209' title='bbox 447 1524 517 1545; x_wconf 72' lang='lat' dir='ltr'>oum</span> <span class='ocrx_word' id='word_1_210' title='bbox 548 1531 589 1535; x_wconf 91' lang='lat'><strong>—</strong></span> <span class='ocrx_word' id='word_1_211' title='bbox 614 1519 681 1544; x_wconf 76' lang='lat' dir='ltr'>tum</span> <span class='ocrx_word' id='word_1_212' title='bbox 706 1515 806 1550; x_wconf 67' lang='lat' dir='ltr'>etiam,</span> <span class='ocrx_word' id='word_1_213' title='bbox 833 1514 863 1551; x_wconf 84' lang='lat'>2,</span> 
     </span>
     <span class='ocr_line' id='line_1_32' title="bbox 195 1559 624 1600; baseline -0.007 -8"><span class='ocrx_word' id='word_1_214' title='bbox 195 1561 245 1599; x_wconf 83' lang='lat'>17,</span> <span class='ocrx_word' id='word_1_215' title='bbox 270 1561 310 1600; x_wconf 77' lang='lat'>43</span> <span class='ocrx_word' id='word_1_216' title='bbox 341 1559 370 1598; x_wconf 80' lang='lat'>3,</span> <span class='ocrx_word' id='word_1_217' title='bbox 408 1560 460 1597; x_wconf 87' lang='lat'>55,</span> <span class='ocrx_word' id='word_1_218' title='bbox 491 1561 509 1591; x_wconf 82' lang='lat'><strong>7</strong></span> <span class='ocrx_word' id='word_1_219' title='bbox 536 1569 564 1590; x_wconf 91' lang='lat' dir='ltr'>u.</span> <span class='ocrx_word' id='word_1_220' title='bbox 594 1568 624 1589; x_wconf 87' lang='lat' dir='ltr'>a.</span> 
     </span>
    </p>

    <p class='ocr_par' dir='ltr' id='par_1_14' title="bbox 190 1601 863 1828">
     <span class='ocr_line' id='line_1_33' title="bbox 238 1601 862 1645; baseline -0.003 -10"><span class='ocrx_word' id='word_1_221' title='bbox 238 1601 413 1640; x_wconf 72' lang='lat'>24—2&#39;7.</span> <span class='ocrx_word' id='word_1_222' title='bbox 442 1602 545 1645; x_wconf 78' lang='lat' dir='ltr'>Hrieg</span> <span class='ocrx_word' id='word_1_223' title='bbox 572 1612 676 1645; x_wconf 82' lang='lat' dir='ltr'>gegen</span> <span class='ocrx_word' id='word_1_224' title='bbox 705 1602 756 1634; x_wconf 87' lang='lat' dir='ltr'>die</span> <span class='ocrx_word' id='word_1_225' title='bbox 773 1601 862 1634; x_wconf 88' lang='lat' dir='ltr'>Tek-</span> 
     </span>
     <span class='ocr_line' id='line_1_34' title="bbox 190 1647 863 1691; baseline -0.003 -11"><span class='ocrx_word' id='word_1_226' title='bbox 190 1654 337 1691; x_wconf 79' lang='lat' dir='ltr'>tosagen.</span> <span class='ocrx_word' id='word_1_227' title='bbox 384 1648 501 1691; x_wconf 61' lang='lat' dir='ltr'>Polyb.</span> <span class='ocrx_word' id='word_1_228' title='bbox 537 1650 590 1688; x_wconf 89' lang='grc'>21,</span> <span class='ocrx_word' id='word_1_229' title='bbox 626 1649 687 1682; x_wconf 73' lang='grc'><strong>38”,</strong></span> <span class='ocrx_word' id='word_1_230' title='bbox 725 1647 863 1689; x_wconf 84' lang='lat' dir='ltr'>Appiau.</span> 
     </span>
     <span class='ocr_line' id='line_1_35' title="bbox 191 1693 862 1738; baseline 0 -12"><span class='ocrx_word' id='word_1_231' title='bbox 191 1695 266 1738; x_wconf 69' lang='lat' dir='ltr'>Syr.</span> <span class='ocrx_word' id='word_1_232' title='bbox 293 1696 352 1734; x_wconf 71' lang='lat'>423</span> <span class='ocrx_word' id='word_1_233' title='bbox 381 1694 466 1726; x_wconf 88' lang='lat' dir='ltr'>Plut.</span> <span class='ocrx_word' id='word_1_234' title='bbox 497 1695 535 1726; x_wconf 90' lang='lat' dir='ltr'>de</span> <span class='ocrx_word' id='word_1_235' title='bbox 562 1694 638 1725; x_wconf 87' lang='lat' dir='ltr'>virt.</span> <span class='ocrx_word' id='word_1_236' title='bbox 671 1693 746 1724; x_wconf 88' lang='lat' dir='ltr'>mul.</span> <span class='ocrx_word' id='word_1_237' title='bbox 773 1703 799 1723; x_wconf 83' lang='lat' dir='ltr'>c.</span> <span class='ocrx_word' id='word_1_238' title='bbox 820 1694 862 1726; x_wconf 86' lang='lat'>43</span> 
     </span>
     <span class='ocr_line' id='line_1_36' title="bbox 191 1738 863 1783; baseline -0.004 -11"><span class='ocrx_word' id='word_1_239' title='bbox 191 1752 219 1783; x_wconf 89' lang='lat' dir='ltr'>p.</span> <span class='ocrx_word' id='word_1_240' title='bbox 241 1742 324 1781; x_wconf 69' lang='lat'>258,</span> <span class='ocrx_word' id='word_1_241' title='bbox 343 1740 418 1773; x_wconf 85' lang='lat' dir='ltr'>Val.</span> <span class='ocrx_word' id='word_1_242' title='bbox 436 1740 527 1772; x_wconf 78' lang='lat' dir='ltr'>Max.</span> <span class='ocrx_word' id='word_1_243' title='bbox 546 1741 575 1780; x_wconf 91' lang='grc'>6,</span> <span class='ocrx_word' id='word_1_244' title='bbox 600 1742 613 1773; x_wconf 93' lang='grc'>1</span> <span class='ocrx_word' id='word_1_245' title='bbox 633 1743 700 1770; x_wconf 80' lang='lat' dir='ltr'>ext.</span> <span class='ocrx_word' id='word_1_246' title='bbox 721 1741 758 1778; x_wconf 77' lang='lat'>23</span> <span class='ocrx_word' id='word_1_247' title='bbox 773 1738 863 1770; x_wconf 82' lang='lat' dir='ltr'>Flor.</span> 
     </span>
     <span class='ocr_line' id='line_1_37' title="bbox 195 1784 821 1828; baseline -0.005 -8"><span class='ocrx_word' id='word_1_248' title='bbox 195 1789 222 1828; x_wconf 83' lang='lat'>1,</span> <span class='ocrx_word' id='word_1_249' title='bbox 248 1788 288 1819; x_wconf 72' lang='lat'>27</span> <span class='ocrx_word' id='word_1_250' title='bbox 315 1788 357 1827; x_wconf 85' lang='grc'>(2,</span> <span class='ocrx_word' id='word_1_251' title='bbox 391 1786 456 1826; x_wconf 87' lang='grc'><strong>11),</strong></span> <span class='ocrx_word' id='word_1_252' title='bbox 485 1788 522 1826; x_wconf 74' lang='lat'>63</span> <span class='ocrx_word' id='word_1_253' title='bbox 548 1785 626 1817; x_wconf 80' lang='lat' dir='ltr'>Aur.</span> <span class='ocrx_word' id='word_1_254' title='bbox 655 1784 741 1816; x_wconf 77' lang='lat' dir='ltr'>vict.</span> <span class='ocrx_word' id='word_1_255' title='bbox 769 1786 821 1817; x_wconf 87' lang='lat'>55</span> 
     </span>
    </p>

    <p class='ocr_par' dir='ltr' id='par_1_15' title="bbox 189 1830 865 2554">
     <span class='ocr_line' id='line_1_38' title="bbox 240 1830 865 1873; baseline -0.003 -8"><span class='ocrx_word' id='word_1_256' title='bbox 240 1834 335 1865; x_wconf 83' lang='lat'>1—2.</span> <span class='ocrx_word' id='word_1_257' title='bbox 361 1833 499 1873; x_wconf 57' lang='lat' dir='ltr'>Amyn,</span> <span class='ocrx_word' id='word_1_258' title='bbox 528 1830 647 1862; x_wconf 83' lang='lat' dir='ltr'>Strabo</span> <span class='ocrx_word' id='word_1_259' title='bbox 685 1832 734 1868; x_wconf 84' lang='grc'>12,</span> <span class='ocrx_word' id='word_1_260' title='bbox 768 1832 797 1868; x_wconf 84' lang='grc'>5,</span> <span class='ocrx_word' id='word_1_261' title='bbox 827 1831 865 1863; x_wconf 83' lang='lat'>2:</span> 
     </span>
     <span class='ocr_line' id='line_1_39' title="bbox 195 1858 866 1929; baseline -0.004 -19"><span class='ocrx_word' id='word_1_262' title='bbox 195 1874 366 1920; x_wconf 61' lang='lat' dir='ltr'>Taexro‘oay</span> <span class='ocrx_word' id='word_1_263' title='bbox 369 1889 414 1916; x_wconf 85' lang='grc' dir='ltr'>ες</span> <span class='ocrx_word' id='word_1_264' title='bbox 439 1858 588 1920; x_wconf 44' lang='grc' dir='ltr'>(ἔχὀισι)</span> <span class='ocrx_word' id='word_1_265' title='bbox 615 1874 658 1909; x_wconf 77' lang='grc' dir='ltr'>Τὰ</span> <span class='ocrx_word' id='word_1_266' title='bbox 684 1873 776 1929; x_wconf 78' lang='grc' dir='ltr'><strong><em>πρὸς</em></strong></span> <span class='ocrx_word' id='word_1_267' title='bbox 822 1876 866 1921; x_wconf 78' lang='grc' dir='ltr'>τῇ</span> 
     </span>
     <span class='ocr_line' id='line_1_40' title="bbox 190 1920 865 1976; baseline -0.006 -19"><span class='ocrx_word' id='word_1_268' title='bbox 190 1920 329 1968; x_wconf 62' lang='lat' dir='ltr'>,1162an</span> <span class='ocrx_word' id='word_1_269' title='bbox 357 1926 504 1974; x_wconf 73' lang='grc' dir='ltr'>Φριγιᾳ</span> <span class='ocrx_word' id='word_1_270' title='bbox 532 1924 578 1976; x_wconf 78' lang='grc' dir='ltr'>Τῇ</span> <span class='ocrx_word' id='word_1_271' title='bbox 607 1920 699 1954; x_wconf 76' lang='grc' dir='ltr'><em>κατὰ</em></span> <span class='ocrx_word' id='word_1_272' title='bbox 730 1924 865 1954; x_wconf 74' lang='grc' dir='ltr'>Πεσσι-</span> 
     </span>
     <span class='ocr_line' id='line_1_41' title="bbox 192 1958 864 2012; baseline -0.006 -10"><span class='ocrx_word' id='word_1_273' title='bbox 192 1977 343 2002; x_wconf 75' lang='grc' dir='ltr'>νουιτα</span> <span class='ocrx_word' id='word_1_274' title='bbox 373 1965 512 2001; x_wconf 71' lang='lat' dir='ltr'>Toiiran</span> <span class='ocrx_word' id='word_1_275' title='bbox 537 1958 578 2001; x_wconf 71' lang='grc' dir='ltr'>δ”</span> <span class='ocrx_word' id='word_1_276' title='bbox 613 1964 657 2008; x_wconf 68' lang='grc' dir='ltr'>ἧι</span> <span class='ocrx_word' id='word_1_277' title='bbox 684 1962 864 2012; x_wconf 74' lang='grc' dir='ltr'><em>φοούριον</em></span> 
     </span>
     <span class='ocr_line' id='line_1_42' title="bbox 182 2012 862 2060; baseline -0.007 -12.948"><span class='ocrx_word' id='word_1_278' title='bbox 182 2012 351 2060; x_wconf 49' lang='lat' dir='ltr'>&#39;Ayxcpcg</span> <span class='ocrx_word' id='word_1_279' title='bbox 374 2014 401 2055; x_wconf 87' lang='lat' dir='ltr'>j</span> <span class='ocrx_word' id='word_1_280' title='bbox 422 2013 600 2054; x_wconf 83' lang='lat' dir='ltr'>Engiirieh,</span> <span class='ocrx_word' id='word_1_281' title='bbox 636 2023 677 2044; x_wconf 84' lang='lat' dir='ltr'>au</span> <span class='ocrx_word' id='word_1_282' title='bbox 701 2012 772 2044; x_wconf 83' lang='lat' dir='ltr'>dem</span> <span class='ocrx_word' id='word_1_283' title='bbox 800 2022 862 2042; x_wconf 87' lang='lat' dir='ltr'>von</span> 
     </span>
     <span class='ocr_line' id='line_1_43' title="bbox 192 2057 863 2092; baseline -0.007 0"><span class='ocrx_word' id='word_1_284' title='bbox 192 2061 293 2092; x_wconf 84' lang='lat' dir='ltr'>Osten</span> <span class='ocrx_word' id='word_1_285' title='bbox 318 2060 529 2091; x_wconf 82' lang='lat' dir='ltr'>kommenden</span> <span class='ocrx_word' id='word_1_286' title='bbox 551 2059 677 2090; x_wconf 83' lang='lat' dir='ltr'>Zussuss</span> <span class='ocrx_word' id='word_1_287' title='bbox 703 2059 758 2089; x_wconf 89' lang='lat' dir='ltr'>des</span> <span class='ocrx_word' id='word_1_288' title='bbox 779 2057 863 2088; x_wconf 85' lang='lat' dir='ltr'>San—-</span> 
     </span>
     <span class='ocr_line' id='line_1_44' title="bbox 191 2102 864 2147; baseline -0.004 -9.996"><span class='ocrx_word' id='word_1_289' title='bbox 191 2106 313 2147; x_wconf 83' lang='lat' dir='ltr'>garius.</span> <span class='ocrx_word' id='word_1_290' title='bbox 331 2108 484 2145; x_wconf 78' lang='lat' dir='ltr'>—paulo</span> <span class='ocrx_word' id='word_1_291' title='bbox 511 2117 546 2145; x_wconf 77' lang='lat' dir='ltr'>p</span> <span class='ocrx_word' id='word_1_292' title='bbox 580 2107 608 2135; x_wconf 92' lang='lat' dir='ltr'>d.</span> <span class='ocrx_word' id='word_1_293' title='bbox 634 2116 685 2143; x_wconf 84' lang='lat' dir='ltr'>m,</span> <span class='ocrx_word' id='word_1_294' title='bbox 715 2114 750 2134; x_wconf 88' lang='lat' dir='ltr'>so</span> <span class='ocrx_word' id='word_1_295' title='bbox 784 2102 864 2134; x_wconf 83' lang='lat' dir='ltr'>weit</span> 
     </span>
     <span class='ocr_line' id='line_1_45' title="bbox 193 2130 861 2192; baseline -0.004 -10"><span class='ocrx_word' id='word_1_296' title='bbox 193 2162 264 2182; x_wconf 87' lang='lat' dir='ltr'>war</span> <span class='ocrx_word' id='word_1_297' title='bbox 287 2152 357 2183; x_wconf 85' lang='lat' dir='ltr'>also</span> <span class='ocrx_word' id='word_1_298' title='bbox 387 2152 443 2182; x_wconf 84' lang='lat' dir='ltr'>das</span> <span class='ocrx_word' id='word_1_299' title='bbox 470 2130 758 2192; x_wconf 81' lang='lat' dir='ltr'>Magabagcbirgc,</span> <span class='ocrx_word' id='word_1_300' title='bbox 784 2159 808 2179; x_wconf 85' lang='lat' dir='ltr'>s.</span> <span class='ocrx_word' id='word_1_301' title='bbox 835 2158 861 2180; x_wconf 88' lang='lat' dir='ltr'>c.</span> 
     </span>
     <span class='ocr_line' id='line_1_46' title="bbox 196 2195 860 2238; baseline -0.006 -8"><span class='ocrx_word' id='word_1_302' title='bbox 196 2199 253 2237; x_wconf 83' lang='lat'>19,</span> <span class='ocrx_word' id='word_1_303' title='bbox 310 2200 344 2238; x_wconf 89' lang='lat'>1,</span> <span class='ocrx_word' id='word_1_304' title='bbox 387 2195 541 2229; x_wconf 81' lang='lat' dir='ltr'>entfcrnt.</span> <span class='ocrx_word' id='word_1_305' title='bbox 591 2214 624 2218; x_wconf 74' lang='lat'>--</span> <span class='ocrx_word' id='word_1_306' title='bbox 669 2197 860 2235; x_wconf 59' lang='lat' dir='ltr'>Orqiayont„</span> 
     </span>
     <span class='ocr_line' id='line_1_47' title="bbox 192 2238 861 2281; baseline -0.007 -7"><span class='ocrx_word' id='word_1_307' title='bbox 192 2243 312 2274; x_wconf 83' lang='lat' dir='ltr'>ebeuso</span> <span class='ocrx_word' id='word_1_308' title='bbox 337 2242 485 2274; x_wconf 78' lang='lat' dir='ltr'>schreibt</span> <span class='ocrx_word' id='word_1_309' title='bbox 516 2242 593 2275; x_wconf 87' lang='lat' dir='ltr'>Val.</span> <span class='ocrx_word' id='word_1_310' title='bbox 629 2240 736 2281; x_wconf 76' lang='lat' dir='ltr'>Max.;</span> <span class='ocrx_word' id='word_1_311' title='bbox 769 2238 861 2270; x_wconf 88' lang='lat' dir='ltr'>Flor.</span> 
     </span>
     <span class='ocr_line' id='line_1_48' title="bbox 194 2285 861 2328; baseline -0.004 -10"><span class='ocrx_word' id='word_1_312' title='bbox 194 2287 414 2328; x_wconf 83' lang='lat' dir='ltr'>Orgiacontis,</span> <span class='ocrx_word' id='word_1_313' title='bbox 442 2287 494 2319; x_wconf 90' lang='lat' dir='ltr'>die</span> <span class='ocrx_word' id='word_1_314' title='bbox 520 2287 615 2319; x_wconf 85' lang='lat' dir='ltr'>beide</span> <span class='ocrx_word' id='word_1_315' title='bbox 643 2296 700 2317; x_wconf 85' lang='lat' dir='ltr'>aus</span> <span class='ocrx_word' id='word_1_316' title='bbox 739 2285 773 2316; x_wconf 91' lang='lat' dir='ltr'>L.</span> <span class='ocrx_word' id='word_1_317' title='bbox 803 2295 861 2325; x_wconf 85' lang='lat' dir='ltr'>ge-</span> 
     </span>
     <span class='ocr_line' id='line_1_49' title="bbox 192 2330 864 2375; baseline -0.006 -11"><span class='ocrx_word' id='word_1_318' title='bbox 192 2333 329 2375; x_wconf 82' lang='lat' dir='ltr'>scho&#39;pst,</span> <span class='ocrx_word' id='word_1_319' title='bbox 355 2335 416 2366; x_wconf 87' lang='lat' dir='ltr'>deu</span> <span class='ocrx_word' id='word_1_320' title='bbox 441 2332 564 2365; x_wconf 85' lang='lat' dir='ltr'>Namen</span> <span class='ocrx_word' id='word_1_321' title='bbox 589 2334 659 2364; x_wconf 85' lang='lat' dir='ltr'>also</span> <span class='ocrx_word' id='word_1_322' title='bbox 679 2331 795 2363; x_wconf 86' lang='lat' dir='ltr'>anders</span> <span class='ocrx_word' id='word_1_323' title='bbox 816 2330 864 2361; x_wconf 85' lang='lat' dir='ltr'>als</span> 
     </span>
     <span class='ocr_line' id='line_1_50' title="bbox 193 2376 862 2420; baseline -0.004 -11"><span class='ocrx_word' id='word_1_324' title='bbox 193 2389 220 2409; x_wconf 88' lang='lat' dir='ltr'>c.</span> <span class='ocrx_word' id='word_1_325' title='bbox 251 2380 289 2411; x_wconf 82' lang='lat'>19</span> <span class='ocrx_word' id='word_1_326' title='bbox 315 2378 526 2420; x_wconf 78' lang='lat' dir='ltr'>geschrieben</span> <span class='ocrx_word' id='word_1_327' title='bbox 552 2377 713 2420; x_wconf 76' lang='lat' dir='ltr'>gesunden</span> <span class='ocrx_word' id='word_1_328' title='bbox 746 2376 862 2416; x_wconf 75' lang='lat' dir='ltr'>haben,</span> 
     </span>
     <span class='ocr_line' id='line_1_51' title="bbox 194 2422 865 2466; baseline -0.004 -12"><span class='ocrx_word' id='word_1_329' title='bbox 194 2424 351 2455; x_wconf 77' lang='lat' dir='ltr'>w&#39;ahrend</span> <span class='ocrx_word' id='word_1_330' title='bbox 375 2424 504 2466; x_wconf 62' lang='lat' dir='ltr'>Polyb„</span> <span class='ocrx_word' id='word_1_331' title='bbox 528 2423 628 2463; x_wconf 83' lang='lat' dir='ltr'>Plut.‚</span> <span class='ocrx_word' id='word_1_332' title='bbox 654 2422 743 2454; x_wconf 88' lang='lat' dir='ltr'>Suid.</span> <span class='ocrx_word' id='word_1_333' title='bbox 781 2422 865 2452; x_wconf 82' lang='lat' dir='ltr'>auch</span> 
     </span>
     <span class='ocr_line' id='line_1_52' title="bbox 194 2467 865 2511; baseline -0.001 -12"><span class='ocrx_word' id='word_1_334' title='bbox 194 2469 266 2500; x_wconf 89' lang='lat' dir='ltr'>hier</span> <span class='ocrx_word' id='word_1_335' title='bbox 292 2470 344 2501; x_wconf 84' lang='lat' dir='ltr'>die</span> <span class='ocrx_word' id='word_1_336' title='bbox 374 2470 471 2501; x_wconf 88' lang='lat' dir='ltr'>Form</span> <span class='ocrx_word' id='word_1_337' title='bbox 497 2469 657 2511; x_wconf 82' lang='lat' dir='ltr'>Ortiagon</span> <span class='ocrx_word' id='word_1_338' title='bbox 683 2467 802 2500; x_wconf 86' lang='lat' dir='ltr'>bieten.</span> <span class='ocrx_word' id='word_1_339' title='bbox 819 2484 865 2488; x_wconf 92' lang='lat'><em>—</em></span> 
     </span>
     <span class='ocr_line' id='line_1_53' title="bbox 196 2514 865 2554; baseline -0.001 -9"><span class='ocrx_word' id='word_1_340' title='bbox 196 2525 287 2553; x_wconf 73' lang='lat' dir='ltr'>uxor,</span> <span class='ocrx_word' id='word_1_341' title='bbox 304 2516 385 2546; x_wconf 82' lang='lat' dir='ltr'>nach</span> <span class='ocrx_word' id='word_1_342' title='bbox 402 2514 486 2548; x_wconf 83' lang='lat' dir='ltr'>Plut.</span> <span class='ocrx_word' id='word_1_343' title='bbox 501 2514 687 2547; x_wconf 77' lang='lat' dir='ltr'>Chiomara.</span> <span class='ocrx_word' id='word_1_344' title='bbox 703 2532 746 2536; x_wconf 91' lang='lat'>——</span> <span class='ocrx_word' id='word_1_345' title='bbox 751 2514 865 2554; x_wconf 80' lang='lat' dir='ltr'>forma</span> 
     </span>
    </p>
   </div>
   <div class='ocr_carea' id='block_1_14' title="bbox 933 1239 1608 1373">
    <p class='ocr_par' dir='ltr' id='par_1_16' title="bbox 933 1239 1608 1373">
     <span class='ocr_line' id='line_1_54' title="bbox 934 1239 1606 1281; baseline 0 -9"><span class='ocrx_word' id='word_1_346' title='bbox 934 1253 994 1281; x_wconf 61' lang='lat' dir='ltr'>ex„</span> <span class='ocrx_word' id='word_1_347' title='bbox 1022 1243 1051 1281; x_wconf 89' lang='lat'>1,</span> <span class='ocrx_word' id='word_1_348' title='bbox 1080 1243 1110 1280; x_wconf 83' lang='grc'>9,</span> <span class='ocrx_word' id='word_1_349' title='bbox 1146 1242 1193 1273; x_wconf 91' lang='grc'>12.</span> <span class='ocrx_word' id='word_1_350' title='bbox 1222 1259 1264 1262; x_wconf 90' lang='grc'>-</span> <span class='ocrx_word' id='word_1_351' title='bbox 1288 1244 1416 1280; x_wconf 77' lang='lat' dir='ltr'>interp.</span> <span class='ocrx_word' id='word_1_352' title='bbox 1441 1252 1476 1279; x_wconf 67' lang='lat' dir='ltr'>a,</span> <span class='ocrx_word' id='word_1_353' title='bbox 1503 1239 1606 1272; x_wconf 85' lang='lat' dir='ltr'>Plut.:</span> 
     </span>
     <span class='ocr_line' id='line_1_55' title="bbox 934 1281 1608 1331; baseline -0.003 -12"><span class='ocrx_word' id='word_1_354' title='bbox 934 1285 1025 1331; x_wconf 77' lang='grc' dir='ltr'>μετὰ</span> <span class='ocrx_word' id='word_1_355' title='bbox 1059 1287 1132 1319; x_wconf 80' lang='grc' dir='ltr'>τῶν</span> <span class='ocrx_word' id='word_1_356' title='bbox 1169 1281 1290 1319; x_wconf 69' lang='grc' dir='ltr'><em>ἄλλων</em></span> <span class='ocrx_word' id='word_1_357' title='bbox 1322 1287 1516 1329; x_wconf 70' lang='grc' dir='ltr'><em>γυναικῶν.</em></span> <span class='ocrx_word' id='word_1_358' title='bbox 1564 1301 1608 1308; x_wconf 72' lang='lat'>———</span> 
     </span>
     <span class='ocr_line' id='line_1_56' title="bbox 933 1332 1608 1373; baseline 0 -9"><span class='ocrx_word' id='word_1_359' title='bbox 933 1339 1053 1364; x_wconf 69' lang='lat' dir='ltr'>centur.</span> <span class='ocrx_word' id='word_1_360' title='bbox 1082 1351 1121 1355; x_wconf 82' lang='lat'>-</span> <span class='ocrx_word' id='word_1_361' title='bbox 1148 1334 1198 1363; x_wconf 69' lang='lat' dir='ltr'>lib.</span> <span class='ocrx_word' id='word_1_362' title='bbox 1225 1343 1248 1363; x_wconf 82' lang='lat' dir='ltr'>e.</span> <span class='ocrx_word' id='word_1_363' title='bbox 1274 1343 1322 1364; x_wconf 74' lang='lat' dir='ltr'>av.</span> <span class='ocrx_word' id='word_1_364' title='bbox 1356 1334 1435 1373; x_wconf 60' lang='lat' dir='ltr'>mil„</span> <span class='ocrx_word' id='word_1_365' title='bbox 1468 1333 1520 1372; x_wconf 82' lang='lat'>35,</span> <span class='ocrx_word' id='word_1_366' title='bbox 1554 1332 1608 1372; x_wconf 88' lang='lat'>31,</span> 
     </span>
    </p>
   </div>
   <div class='ocr_carea' id='block_1_15' title="bbox 938 1379 988 1411">
    <p class='ocr_par' dir='ltr' id='par_1_17' title="bbox 938 1379 988 1411">
     <span class='ocr_line' id='line_1_57' title="bbox 938 1379 988 1411; baseline 0 -1"><span class='ocrx_word' id='word_1_367' title='bbox 938 1379 988 1411; x_wconf 86' lang='lat'>14.</span> 
     </span>
    </p>
   </div>
   <div class='ocr_carea' id='block_1_16' title="bbox 923 1467 1608 2555">
    <p class='ocr_par' dir='ltr' id='par_1_18' title="bbox 923 1467 1608 2555">
     <span class='ocr_line' id='line_1_58' title="bbox 981 1467 1608 1507; baseline -0.003 -7"><span class='ocrx_word' id='word_1_368' title='bbox 981 1470 1079 1501; x_wconf 82' lang='lat'><strong>3—6.</strong></span> <span class='ocrx_word' id='word_1_369' title='bbox 1124 1470 1282 1507; x_wconf 68' lang='lat' dir='ltr'>animum,</span> <span class='ocrx_word' id='word_1_370' title='bbox 1326 1467 1414 1499; x_wconf 79' lang='lat' dir='ltr'>viell.</span> <span class='ocrx_word' id='word_1_371' title='bbox 1454 1467 1498 1498; x_wconf 87' lang='lat' dir='ltr'>ist</span> <span class='ocrx_word' id='word_1_372' title='bbox 1540 1470 1608 1499; x_wconf 75' lang='lat' dir='ltr'>eius</span> 
     </span>
     <span class='ocr_line' id='line_1_59' title="bbox 934 1511 1606 1554; baseline -0.003 -9"><span class='ocrx_word' id='word_1_373' title='bbox 934 1514 1025 1545; x_wconf 87' lang='lat' dir='ltr'>nicht</span> <span class='ocrx_word' id='word_1_374' title='bbox 1051 1513 1291 1554; x_wconf 85' lang='lat' dir='ltr'>hinzugesetzt,</span> <span class='ocrx_word' id='word_1_375' title='bbox 1317 1523 1370 1544; x_wconf 88' lang='lat' dir='ltr'>um</span> <span class='ocrx_word' id='word_1_376' title='bbox 1396 1513 1456 1544; x_wconf 89' lang='lat' dir='ltr'>den</span> <span class='ocrx_word' id='word_1_377' title='bbox 1475 1511 1606 1553; x_wconf 79' lang='lat' dir='ltr'>Gegen-</span> 
     </span>
     <span class='ocr_line' id='line_1_60' title="bbox 933 1559 1607 1597; baseline -0.003 -6"><span class='ocrx_word' id='word_1_378' title='bbox 933 1564 1004 1592; x_wconf 81' lang='lat' dir='ltr'>satz</span> <span class='ocrx_word' id='word_1_379' title='bbox 1037 1559 1203 1590; x_wconf 82' lang='lat' dir='ltr'>zwischen</span> <span class='ocrx_word' id='word_1_380' title='bbox 1236 1561 1378 1590; x_wconf 74' lang='lat' dir='ltr'>animum</span> <span class='ocrx_word' id='word_1_381' title='bbox 1409 1569 1440 1589; x_wconf 93' lang='lat' dir='ltr'>u.</span> <span class='ocrx_word' id='word_1_382' title='bbox 1473 1560 1607 1597; x_wconf 77' lang='lat' dir='ltr'>corpori,</span> 
     </span>
     <span class='ocr_line' id='line_1_61' title="bbox 933 1602 1606 1644; baseline -0.003 -7"><span class='ocrx_word' id='word_1_383' title='bbox 933 1616 960 1637; x_wconf 90' lang='lat' dir='ltr'>s.</span> <span class='ocrx_word' id='word_1_384' title='bbox 982 1607 1011 1644; x_wconf 92' lang='lat'>1,</span> <span class='ocrx_word' id='word_1_385' title='bbox 1031 1606 1085 1644; x_wconf 82' lang='lat'>58,</span> <span class='ocrx_word' id='word_1_386' title='bbox 1105 1606 1135 1644; x_wconf 77' lang='lat'>7,</span> <span class='ocrx_word' id='word_1_387' title='bbox 1155 1602 1306 1635; x_wconf 60' lang='lat' dir='ltr'>schin-fer</span> <span class='ocrx_word' id='word_1_388' title='bbox 1322 1603 1606 1635; x_wconf 85' lang='lat' dir='ltr'>hervorzuheben.</span> 
     </span>
     <span class='ocr_line' id='line_1_62' title="bbox 933 1649 1606 1689; baseline 0 -8"><span class='ocrx_word' id='word_1_389' title='bbox 933 1669 977 1673; x_wconf 95' lang='lat'>—</span> <span class='ocrx_word' id='word_1_390' title='bbox 1003 1661 1138 1689; x_wconf 78' lang='lat' dir='ltr'>servum,</span> <span class='ocrx_word' id='word_1_391' title='bbox 1164 1660 1190 1680; x_wconf 81' lang='lat' dir='ltr'>S.</span> <span class='ocrx_word' id='word_1_392' title='bbox 1217 1650 1270 1686; x_wconf 83' lang='lat'>37,</span> <span class='ocrx_word' id='word_1_393' title='bbox 1300 1651 1353 1688; x_wconf 87' lang='lat'>54,</span> <span class='ocrx_word' id='word_1_394' title='bbox 1388 1649 1426 1687; x_wconf 69' lang='lat'>63</span> <span class='ocrx_word' id='word_1_395' title='bbox 1460 1649 1513 1688; x_wconf 90' lang='lat'>42,</span> <span class='ocrx_word' id='word_1_396' title='bbox 1552 1650 1606 1689; x_wconf 87' lang='grc'>46,</span> 
     </span>
     <span class='ocr_line' id='line_1_63' title="bbox 935 1692 1608 1735; baseline -0.003 -8"><span class='ocrx_word' id='word_1_397' title='bbox 935 1698 965 1735; x_wconf 86' lang='grc'>4,</span> <span class='ocrx_word' id='word_1_398' title='bbox 1005 1695 1095 1726; x_wconf 84' lang='lat' dir='ltr'>nicht</span> <span class='ocrx_word' id='word_1_399' title='bbox 1126 1695 1187 1726; x_wconf 87' lang='lat' dir='ltr'>den</span> <span class='ocrx_word' id='word_1_400' title='bbox 1221 1693 1325 1735; x_wconf 79' lang='lat' dir='ltr'>Geist,</span> <span class='ocrx_word' id='word_1_401' title='bbox 1360 1695 1418 1726; x_wconf 88' lang='lat' dir='ltr'>der</span> <span class='ocrx_word' id='word_1_402' title='bbox 1447 1692 1509 1725; x_wconf 88' lang='lat' dir='ltr'>frei</span> <span class='ocrx_word' id='word_1_403' title='bbox 1541 1694 1608 1725; x_wconf 84' lang='lat' dir='ltr'>und</span> 
     </span>
     <span class='ocr_line' id='line_1_64' title="bbox 933 1739 1605 1781; baseline -0.004 -8"><span class='ocrx_word' id='word_1_404' title='bbox 933 1740 1133 1781; x_wconf 84' lang='lat' dir='ltr'>hochberzig</span> <span class='ocrx_word' id='word_1_405' title='bbox 1158 1739 1329 1781; x_wconf 84' lang='lat' dir='ltr'>geblieben</span> <span class='ocrx_word' id='word_1_406' title='bbox 1356 1750 1437 1779; x_wconf 87' lang='lat' dir='ltr'>war,</span> <span class='ocrx_word' id='word_1_407' title='bbox 1459 1739 1525 1780; x_wconf 79' lang='lat' dir='ltr'><strong>vgl.</strong></span> <span class='ocrx_word' id='word_1_408' title='bbox 1551 1740 1605 1778; x_wconf 79' lang='lat'>37,</span> 
     </span>
     <span class='ocr_line' id='line_1_65' title="bbox 935 1783 1606 1826; baseline -0.006 -6"><span class='ocrx_word' id='word_1_409' title='bbox 935 1789 989 1824; x_wconf 78' lang='lat'>45,</span> <span class='ocrx_word' id='word_1_410' title='bbox 1021 1788 1078 1826; x_wconf 82' lang='grc'>11;</span> <span class='ocrx_word' id='word_1_411' title='bbox 1107 1796 1165 1817; x_wconf 91' lang='lat' dir='ltr'>zur</span> <span class='ocrx_word' id='word_1_412' title='bbox 1200 1784 1366 1817; x_wconf 82' lang='lat' dir='ltr'>Situation</span> <span class='ocrx_word' id='word_1_413' title='bbox 1403 1787 1431 1825; x_wconf 93' lang='lat'>1,</span> <span class='ocrx_word' id='word_1_414' title='bbox 1466 1785 1519 1824; x_wconf 85' lang='lat'>39,</span> <span class='ocrx_word' id='word_1_415' title='bbox 1555 1783 1606 1818; x_wconf 89' lang='lat' dir='ltr'>5f.</span> 
     </span>
     <span class='ocr_line' id='line_1_66' title="bbox 935 1832 1605 1872; baseline -0.004 -8"><span class='ocrx_word' id='word_1_416' title='bbox 935 1850 977 1854; x_wconf 89' lang='lat'>——</span> <span class='ocrx_word' id='word_1_417' title='bbox 999 1839 1027 1864; x_wconf 74' lang='lat' dir='ltr'>et</span> <span class='ocrx_word' id='word_1_418' title='bbox 1059 1843 1098 1864; x_wconf 74' lang='lat' dir='ltr'>ne</span> <span class='ocrx_word' id='word_1_419' title='bbox 1123 1850 1164 1853; x_wconf 98' lang='lat'><strong>—</strong></span> <span class='ocrx_word' id='word_1_420' title='bbox 1194 1833 1330 1872; x_wconf 71' lang='lat' dir='ltr'>quidem,</span> <span class='ocrx_word' id='word_1_421' title='bbox 1367 1832 1421 1869; x_wconf 84' lang='lat'>23,</span> <span class='ocrx_word' id='word_1_422' title='bbox 1457 1832 1509 1869; x_wconf 89' lang='lat'>30,</span> <span class='ocrx_word' id='word_1_423' title='bbox 1547 1832 1605 1864; x_wconf 85' lang='lat'>10:</span> 
     </span>
     <span class='ocr_line' id='line_1_67' title="bbox 933 1874 1607 1918; baseline -0.004 -9"><span class='ocrx_word' id='word_1_424' title='bbox 933 1878 999 1909; x_wconf 89' lang='lat' dir='ltr'>und</span> <span class='ocrx_word' id='word_1_425' title='bbox 1023 1887 1122 1918; x_wconf 81' lang='lat' dir='ltr'>sogar</span> <span class='ocrx_word' id='word_1_426' title='bbox 1147 1876 1235 1908; x_wconf 87' lang='lat' dir='ltr'>diese</span> <span class='ocrx_word' id='word_1_427' title='bbox 1261 1876 1367 1917; x_wconf 73' lang='lat' dir='ltr'>nicht3</span> <span class='ocrx_word' id='word_1_428' title='bbox 1395 1876 1452 1907; x_wconf 85' lang='lat' dir='ltr'>der</span> <span class='ocrx_word' id='word_1_429' title='bbox 1476 1874 1607 1916; x_wconf 82' lang='lat' dir='ltr'>Gegen-</span> 
     </span>
     <span class='ocr_line' id='line_1_68' title="bbox 933 1922 1608 1955; baseline -0.003 0"><span class='ocrx_word' id='word_1_430' title='bbox 933 1927 1006 1955; x_wconf 85' lang='lat' dir='ltr'>satz</span> <span class='ocrx_word' id='word_1_431' title='bbox 1030 1923 1075 1954; x_wconf 86' lang='lat' dir='ltr'>ist</span> <span class='ocrx_word' id='word_1_432' title='bbox 1104 1923 1187 1954; x_wconf 90' lang='lat' dir='ltr'>ohne</span> <span class='ocrx_word' id='word_1_433' title='bbox 1213 1925 1268 1954; x_wconf 82' lang='lat' dir='ltr'>sed</span> <span class='ocrx_word' id='word_1_434' title='bbox 1284 1922 1366 1953; x_wconf 83' lang='lat' dir='ltr'>klar.</span> <span class='ocrx_word' id='word_1_435' title='bbox 1388 1940 1430 1943; x_wconf 97' lang='lat'><strong>—</strong></span> <span class='ocrx_word' id='word_1_436' title='bbox 1447 1927 1481 1953; x_wconf 72' lang='lat' dir='ltr'>m</span> <span class='ocrx_word' id='word_1_437' title='bbox 1498 1932 1608 1953; x_wconf 71' lang='lat' dir='ltr'>amam&gt;-</span> 
     </span>
     <span class='ocr_line' id='line_1_69' title="bbox 939 1965 1606 2006; baseline -0.004 -6"><span class='ocrx_word' id='word_1_438' title='bbox 939 1984 970 1995; x_wconf 86' lang='lat'>=</span> <span class='ocrx_word' id='word_1_439' title='bbox 1009 1980 1073 2000; x_wconf 71' lang='lat' dir='ltr'>ozon</span> <span class='ocrx_word' id='word_1_440' title='bbox 1106 1971 1158 2006; x_wconf 75' lang='lat' dir='ltr'>ita,</span> <span class='ocrx_word' id='word_1_441' title='bbox 1196 1974 1231 2000; x_wconf 75' lang='lat' dir='ltr'>ut</span> <span class='ocrx_word' id='word_1_442' title='bbox 1265 1979 1375 1999; x_wconf 76' lang='lat' dir='ltr'>amans</span> <span class='ocrx_word' id='word_1_443' title='bbox 1407 1969 1490 2006; x_wconf 76' lang='lat' dir='ltr'>solet,</span> <span class='ocrx_word' id='word_1_444' title='bbox 1524 1965 1546 2000; x_wconf 91' lang='lat' dir='ltr'>i.</span> <span class='ocrx_word' id='word_1_445' title='bbox 1579 1976 1606 1997; x_wconf 81' lang='grc' dir='ltr'>θ.</span> 
     </span>
     <span class='ocr_line' id='line_1_70' title="bbox 930 2013 1608 2056; baseline -0.003 -10"><span class='ocrx_word' id='word_1_446' title='bbox 930 2018 1116 2056; x_wconf 73' lang='lat' dir='ltr'>yratm&#39;tam,</span> <span class='ocrx_word' id='word_1_447' title='bbox 1146 2013 1211 2054; x_wconf 83' lang='lat' dir='ltr'>vgl.</span> <span class='ocrx_word' id='word_1_448' title='bbox 1252 2015 1283 2053; x_wconf 89' lang='lat'>2,</span> <span class='ocrx_word' id='word_1_449' title='bbox 1317 2014 1369 2051; x_wconf 79' lang='lat'>32,</span> <span class='ocrx_word' id='word_1_450' title='bbox 1394 2013 1431 2045; x_wconf 82' lang='lat'>9:</span> <span class='ocrx_word' id='word_1_451' title='bbox 1463 2023 1536 2052; x_wconf 73' lang='lat' dir='ltr'>non,</span> <span class='ocrx_word' id='word_1_452' title='bbox 1572 2019 1608 2044; x_wconf 78' lang='lat' dir='ltr'>ut</span> 
     </span>
     <span class='ocr_line' id='line_1_71' title="bbox 932 2059 1607 2100; baseline -0.003 -9"><span class='ocrx_word' id='word_1_453' title='bbox 932 2071 1018 2091; x_wconf 78' lang='lat' dir='ltr'>mmo</span> <span class='ocrx_word' id='word_1_454' title='bbox 1042 2064 1123 2100; x_wconf 79' lang='lat' dir='ltr'>etc.;</span> <span class='ocrx_word' id='word_1_455' title='bbox 1148 2059 1200 2098; x_wconf 88' lang='grc'>32,</span> <span class='ocrx_word' id='word_1_456' title='bbox 1228 2060 1283 2097; x_wconf 92' lang='grc'>21,</span> <span class='ocrx_word' id='word_1_457' title='bbox 1310 2060 1370 2092; x_wconf 79' lang='lat'>35:</span> <span class='ocrx_word' id='word_1_458' title='bbox 1396 2069 1470 2095; x_wconf 77' lang='lat' dir='ltr'>non,</span> <span class='ocrx_word' id='word_1_459' title='bbox 1497 2068 1607 2098; x_wconf 82' lang='lat' dir='ltr'>quem-</span> 
     </span>
     <span class='ocr_line' id='line_1_72' title="bbox 932 2105 1605 2145; baseline -0.004 -8"><span class='ocrx_word' id='word_1_460' title='bbox 932 2108 1120 2145; x_wconf 78' lang='lat' dir='ltr'>admodum,</span> <span class='ocrx_word' id='word_1_461' title='bbox 1148 2105 1216 2145; x_wconf 80' lang='lat' dir='ltr'>vgl.</span> <span class='ocrx_word' id='word_1_462' title='bbox 1242 2106 1280 2143; x_wconf 88' lang='lat'>2,</span> <span class='ocrx_word' id='word_1_463' title='bbox 1301 2105 1339 2144; x_wconf 90' lang='lat'>2,</span> <span class='ocrx_word' id='word_1_464' title='bbox 1358 2105 1395 2136; x_wconf 87' lang='lat'>3:</span> <span class='ocrx_word' id='word_1_465' title='bbox 1428 2110 1605 2144; x_wconf 63' lang='lat' dir='ltr'>tamquarm</span> 
     </span>
     <span class='ocr_line' id='line_1_73' title="bbox 931 2149 1534 2182; baseline 0 0"><span class='ocrx_word' id='word_1_466' title='bbox 931 2161 965 2182; x_wconf 87' lang='lat' dir='ltr'>es</span> <span class='ocrx_word' id='word_1_467' title='bbox 993 2151 1076 2182; x_wconf 86' lang='lat' dir='ltr'>wird</span> <span class='ocrx_word' id='word_1_468' title='bbox 1111 2157 1146 2182; x_wconf 74' lang='lat' dir='ltr'>ut</span> <span class='ocrx_word' id='word_1_469' title='bbox 1181 2160 1298 2182; x_wconf 69' lang='lat' dir='ltr'>avarus</span> <span class='ocrx_word' id='word_1_470' title='bbox 1334 2149 1534 2182; x_wconf 81' lang='lat' dir='ltr'>vermuthet.</span> 
     </span>
     <span class='ocr_line' id='line_1_74' title="bbox 923 2196 1605 2236; baseline -0.004 -8"><span class='ocrx_word' id='word_1_471' title='bbox 923 2199 1065 2236; x_wconf 75' lang='lat' dir='ltr'>pondere</span> <span class='ocrx_word' id='word_1_472' title='bbox 1089 2208 1117 2228; x_wconf 83' lang='grc' dir='ltr'>α.</span> <span class='ocrx_word' id='word_1_473' title='bbox 1140 2207 1186 2235; x_wconf 65' lang='grc' dir='ltr'>μ,</span> <span class='ocrx_word' id='word_1_474' title='bbox 1214 2196 1267 2235; x_wconf 88' lang='grc'>36,</span> <span class='ocrx_word' id='word_1_475' title='bbox 1303 2196 1357 2235; x_wconf 87' lang='grc'>32,</span> <span class='ocrx_word' id='word_1_476' title='bbox 1391 2196 1418 2228; x_wconf 83' lang='grc'>1.</span> <span class='ocrx_word' id='word_1_477' title='bbox 1447 2212 1487 2216; x_wconf 63' lang='lat'>&lt;-</span> <span class='ocrx_word' id='word_1_478' title='bbox 1514 2205 1605 2236; x_wconf 79' lang='lat' dir='ltr'>quem</span> 
     </span>
     <span class='ocr_line' id='line_1_75' title="bbox 928 2239 1607 2281; baseline -0.004 -8"><span class='ocrx_word' id='word_1_479' title='bbox 928 2253 968 2281; x_wconf 81' lang='lat' dir='ltr'>v.,</span> <span class='ocrx_word' id='word_1_480' title='bbox 992 2241 1086 2273; x_wconf 85' lang='lat' dir='ltr'>einen</span> <span class='ocrx_word' id='word_1_481' title='bbox 1111 2240 1308 2281; x_wconf 78' lang='lat' dir='ltr'>beliebigen,</span> <span class='ocrx_word' id='word_1_482' title='bbox 1341 2241 1497 2281; x_wconf 73' lang='lat' dir='ltr'>quemvis,</span> <span class='ocrx_word' id='word_1_483' title='bbox 1527 2239 1607 2271; x_wconf 86' lang='lat' dir='ltr'>aber</span> 
     </span>
     <span class='ocr_line' id='line_1_76' title="bbox 929 2287 1604 2327; baseline -0.004 -9"><span class='ocrx_word' id='word_1_484' title='bbox 929 2298 991 2318; x_wconf 92' lang='lat' dir='ltr'>nur</span> <span class='ocrx_word' id='word_1_485' title='bbox 1015 2287 1120 2327; x_wconf 77' lang='lat' dir='ltr'>einen,</span> <span class='ocrx_word' id='word_1_486' title='bbox 1147 2298 1256 2319; x_wconf 77' lang='lat' dir='ltr'>unum.</span> <span class='ocrx_word' id='word_1_487' title='bbox 1286 2304 1329 2308; x_wconf 88' lang='lat'>-—</span> <span class='ocrx_word' id='word_1_488' title='bbox 1357 2297 1396 2318; x_wconf 76' lang='lat' dir='ltr'>ne</span> <span class='ocrx_word' id='word_1_489' title='bbox 1413 2287 1500 2327; x_wconf 76' lang='lat' dir='ltr'>plus,</span> <span class='ocrx_word' id='word_1_490' title='bbox 1524 2295 1551 2318; x_wconf 84' lang='lat' dir='ltr'>s,</span> <span class='ocrx_word' id='word_1_491' title='bbox 1578 2294 1604 2315; x_wconf 64' lang='grc' dir='ltr'>ε’..</span> 
     </span>
     <span class='ocr_line' id='line_1_77' title="bbox 937 2331 1605 2372; baseline -0.003 -8"><span class='ocrx_word' id='word_1_492' title='bbox 937 2334 988 2372; x_wconf 87' lang='grc'>11,</span> <span class='ocrx_word' id='word_1_493' title='bbox 1016 2334 1053 2372; x_wconf 81' lang='grc'>6;</span> <span class='ocrx_word' id='word_1_494' title='bbox 1080 2332 1146 2364; x_wconf 89' lang='lat' dir='ltr'>Cic.</span> <span class='ocrx_word' id='word_1_495' title='bbox 1173 2332 1270 2364; x_wconf 88' lang='lat' dir='ltr'>Verr.</span> <span class='ocrx_word' id='word_1_496' title='bbox 1306 2333 1336 2369; x_wconf 87' lang='lat'>2,</span> <span class='ocrx_word' id='word_1_497' title='bbox 1363 2333 1393 2371; x_wconf 84' lang='lat'>2,</span> <span class='ocrx_word' id='word_1_498' title='bbox 1433 2332 1486 2370; x_wconf 82' lang='lat'>67,</span> <span class='ocrx_word' id='word_1_499' title='bbox 1523 2331 1605 2369; x_wconf 80' lang='lat'>1613</span> 
     </span>
     <span class='ocr_line' id='line_1_78' title="bbox 934 2375 1604 2418; baseline 0 -10"><span class='ocrx_word' id='word_1_500' title='bbox 934 2378 984 2410; x_wconf 87' lang='lat' dir='ltr'>die</span> <span class='ocrx_word' id='word_1_501' title='bbox 1008 2377 1249 2418; x_wconf 82' lang='lat' dir='ltr'>Nachstellung</span> <span class='ocrx_word' id='word_1_502' title='bbox 1275 2376 1338 2408; x_wconf 89' lang='lat' dir='ltr'>wie</span> <span class='ocrx_word' id='word_1_503' title='bbox 1374 2375 1460 2409; x_wconf 82' lang='lat' dir='ltr'>Gell.</span> <span class='ocrx_word' id='word_1_504' title='bbox 1490 2376 1544 2414; x_wconf 87' lang='grc'>20,</span> <span class='ocrx_word' id='word_1_505' title='bbox 1577 2376 1604 2415; x_wconf 89' lang='grc'>1,</span> 
     </span>
     <span class='ocr_line' id='line_1_79' title="bbox 933 2423 1606 2464; baseline -0.007 -8"><span class='ocrx_word' id='word_1_506' title='bbox 933 2425 994 2456; x_wconf 83' lang='lat'>45:</span> <span class='ocrx_word' id='word_1_507' title='bbox 1030 2425 1207 2464; x_wconf 57' lang='lat' dir='ltr'>quindecim</span> <span class='ocrx_word' id='word_1_508' title='bbox 1240 2424 1349 2462; x_wconf 78' lang='lat' dir='ltr'>pondo</span> <span class='ocrx_word' id='word_1_509' title='bbox 1386 2432 1424 2453; x_wconf 81' lang='lat' dir='ltr'>ne</span> <span class='ocrx_word' id='word_1_510' title='bbox 1464 2423 1586 2452; x_wconf 79' lang='lat' dir='ltr'>minore</span> <span class='ocrx_word' id='word_1_511' title='bbox 1596 2433 1606 2459; x_wconf 87' lang='grc'>,-</span> 
     </span>
     <span class='ocr_line' id='line_1_80' title="bbox 935 2468 1608 2507; baseline -0.003 -8"><span class='ocrx_word' id='word_1_512' title='bbox 935 2468 1057 2501; x_wconf 87' lang='lat' dir='ltr'>Colum.</span> <span class='ocrx_word' id='word_1_513' title='bbox 1102 2471 1132 2507; x_wconf 92' lang='lat'>5,</span> <span class='ocrx_word' id='word_1_514' title='bbox 1181 2470 1236 2501; x_wconf 69' lang='lat'>11:</span> <span class='ocrx_word' id='word_1_515' title='bbox 1280 2474 1313 2500; x_wconf 73' lang='lat' dir='ltr'>ut</span> <span class='ocrx_word' id='word_1_516' title='bbox 1351 2468 1535 2505; x_wconf 70' lang='lat' dir='ltr'>semipedem</span> <span class='ocrx_word' id='word_1_517' title='bbox 1569 2476 1608 2497; x_wconf 78' lang='lat' dir='ltr'>ne</span> 
     </span>
     <span class='ocr_line' id='line_1_81' title="bbox 932 2514 1608 2555; baseline -0.006 -9"><span class='ocrx_word' id='word_1_518' title='bbox 932 2517 1077 2555; x_wconf 72' lang='lat' dir='ltr'>amplius,</span> <span class='ocrx_word' id='word_1_519' title='bbox 1101 2514 1166 2555; x_wconf 81' lang='lat' dir='ltr'>vgl.</span> <span class='ocrx_word' id='word_1_520' title='bbox 1189 2515 1242 2553; x_wconf 82' lang='lat'>39,</span> <span class='ocrx_word' id='word_1_521' title='bbox 1266 2514 1315 2552; x_wconf 81' lang='lat'>18,</span> <span class='ocrx_word' id='word_1_522' title='bbox 1342 2514 1379 2545; x_wconf 83' lang='lat'>9:</span> <span class='ocrx_word' id='word_1_523' title='bbox 1406 2518 1527 2544; x_wconf 75' lang='lat' dir='ltr'>centum</span> <span class='ocrx_word' id='word_1_524' title='bbox 1543 2522 1608 2542; x_wconf 78' lang='lat' dir='ltr'>non</span> 
     </span>
    </p>
   </div>
   <div class='ocr_carea' id='block_1_17' title="bbox 1661 0 1715 2723">
    <p class='ocr_par' dir='ltr' id='par_1_19' title="bbox 1661 0 1715 2723">
     <span class='ocr_line' id='line_1_82' title="bbox 1661 0 1715 2723; baseline 0 0"><span class='ocrx_word' id='word_1_525' title='bbox 1661 0 1715 2723; x_wconf 95' lang='lat' dir='ltr'> </span> 
     </span>
    </p>
   </div>
  </div>
 </body>
</html>
