1715 2723
497 119 618 151 LIBER
636 119 795 152 XXXIV.
823 118 914 152 CAP.
935 120 986 151 48.
1008 121 1061 152 49.
1409 121 1485 160 341

87 138 113 154 ο..
128 129 182 154 Ch.
197 128 256 152 194.

87 235 160 275 que
179 234 315 274 passae
337 221 430 268 sint,
457 221 649 267 scribunt,
677 221 738 260 alii
758 221 862 260 nulla
882 222 1123 262 memorabili
1139 227 1243 274 gesta
1266 235 1307 262 re
1329 222 1490 262 Romam

85 279 332 320 comitiorum
353 291 466 317 causa
484 278 642 318 redisse.
1229 303 1233 306 -

198 335 345 374 Eodem
367 347 467 374 anno
489 335 533 373 T.
556 333 759 380 Quinctius
780 334 936 380 Elatiae,
959 347 1036 386 quo
1058 334 1097 372 in
1114 334 1272 373 hiberna
1288 335 1494 374 reduxerat
1523 341 1542 373 2

87 392 234 444 copias,
264 396 391 431 totum
420 391 556 430 hiemis
584 396 740 441 tempus
768 389 852 429 iure
881 390 1041 430 dicendo
1072 392 1317 442 consumpsit
1337 396 1492 430 mutan-

88 449 223 499 disque
244 448 302 493 iis,
325 461 422 499 quae
442 452 508 486 aut
528 447 648 498 ipsius
669 446 837 498 Philippi
858 452 923 485 aut
943 447 1225 498 praefectorum
1243 448 1325 486 eius
1342 448 1493 487 licentia

86 505 127 544 in
148 505 362 544 civitatibus
383 505 481 544 facta
502 508 623 550 erant,
645 515 733 542 cum
755 515 845 541 suae
866 503 1043 542 factionis
1064 503 1271 542 hominum
1300 504 1399 543 vires
1421 516 1490 543 au—

86 561 210 613 gendo
232 561 290 600 ius
312 574 355 600 ac
376 561 591 599 libertatem
613 559 775 598 aliorum
797 559 1069 610 deprimerent.
1108 560 1206 598 veris
1223 560 1331 599 initio
1354 560 1490 599 Corin-
1520 567 1539 599 3

86 619 199 656 thum
222 622 415 656 conventu
436 617 557 655 edicto
580 616 694 654 venit.
725 616 776 654 ibi
795 616 971 655 omnium
993 616 1201 655 civitatium
1224 616 1431 667 legationes
1452 616 1491 654 in

89 674 277 713 contionis
305 673 466 712 modum
489 673 743 711 circumfusas
771 677 828 711 est
849 673 1063 718 adlocutus,
1087 685 1198 711 orsus
1228 672 1273 711 ab
1300 672 1393 711 inita
1408 673 1489 723 pri·
1519 679 1538 709 4

88 743 198 769 mum
219 729 404 768 Romanis
425 729 591 768 amicitia
613 742 701 768 cum
725 729 958 768 Graecorum
987 734 1099 780 gente
1130 734 1168 767 et
1197 729 1489 781 imperatorum,

89 786 156 838 qui
176 792 262 825 ante
284 799 324 824 se
344 786 384 824 in
406 785 623 824 Macedonia
650 786 832 831 fuissent,
862 786 1020 837 suisque
1051 786 1168 825 rebus
1194 786 1320 837 gestis.
1363 786 1492 824 omnia
1521 792 1539 822 5

90 855 178 882 cum
200 842 474 894 approbatione
490 842 633 893 ingenti
650 847 740 880 sunt
756 842 896 887 audita,
917 847 1186 894 praeterquam
1210 855 1298 881 cum
1316 842 1361 881 ad
1379 854 1493 880 men-

89 899 237 938 tionem
267 899 420 937 Nabidis
451 904 609 937 ventum
637 904 758 945 esset,
794 899 830 937 id
863 899 1022 937 minime
1058 899 1290 938 conveniens
1316 898 1494 937 liberanti

91 955 288 995 Graeciam
312 955 521 999 videbatur,
542 960 748 1006 tyrannum
770 955 969 1006 reliquisse
991 967 1069 994 non
1092 968 1182 994 suae
1203 956 1330 994 solum
1350 955 1496 1006 patriae

90 1024 257 1063 gravem,
291 1011 356 1050 sed
404 1011 585 1050 omnibus
606 1011 705 1050 circa
727 1011 942 1050 civitatibus
973 1012 1228 1050 metuendum
1261 1013 1495 1061 [haerentem
1526 1018 1546 1049 6

90 1068 300 1107 visceribus
317 1067 575 1106 nobilissimae
598 1067 788 1117 civitatis].
829 1067 908 1107 Nec
928 1068 1082 1118 ignarus
1103 1068 1218 1107 huius
1239 1068 1392 1107 habitus
1413 1068 1496 1106 ani·
1521 1067 1575 1106 49

90 1136 247 1163 morum
269 1124 490 1170 Quinctius,
512 1124 544 1162 si
572 1124 654 1162 sine
687 1124 833 1162 excidio
856 1124 1157 1163 Lacedaemonis
1186 1125 1268 1164 lieri
1294 1125 1497 1175 potuisset.

91 1180 284 1219 fatebatur
318 1181 421 1231 pacis
451 1193 541 1219 cum
566 1186 730 1231 tyranno
760 1181 999 1219 mentionem
1028 1181 1307 1219 admittendam
1341 1181 1498 1219 auribus

91 1248 169 1275 non
191 1235 328 1274 fuisse:
351 1248 467 1282 nunc,
489 1249 578 1274 cum
600 1236 709 1275 aliter
729 1249 846 1287 quam
866 1237 976 1275 ruina
997 1237 1220 1288 gravissima
1243 1237 1403 1276 civitatis
1426 1250 1499 1288 op-
1526 1245 1545 1276 2

90 1292 205 1344 primi
225 1304 305 1332 non
319 1298 462 1344 posset,
478 1293 598 1332 satius
614 1293 741 1331 visum
762 1306 860 1338 esse,
881 1299 1089 1344 tyrannum
1111 1293 1351 1333 debilitatum
1373 1306 1416 1332 ac
1436 1299 1497 1333 to-

135 1409 211 1455 48,
234 1409 369 1447 2-51.
416 1414 588 1456 Quinctius
619 1415 758 1457 Abgaug

88 1470 147 1492 aus
163 1459 416 1492 Griechenland.
448 1459 534 1492 Plut.
549 1460 646 1492 Titus
665 1459 755 1499 tzf.;

87 1505 182 1537 Diod.
208 1505 260 1546 25,
292 1506 347 1545 143
378 1505 498 1537 Zonar.
531 1506 561 1544 9,
596 1506 650 1545 18;
679 1506 754 1539 Val.

89 1550 178 1582 Max.
199 1551 230 1588 5,
248 1551 279 1589 2,
297 1550 327 1581 6.

134 1595 166 1626 2.
198 1594 268 1626 eod.
292 1605 394 1635 (ιηηο,
420 1595 501 1626 nach
524 1595 586 1626 den
610 1606 637 1627 c.
658 1595 711 1634 41,
737 1596 752 1625 ἰ’

89 1640 259 1672 θΓΖΞὶὴΙῐθη
293 1640 506 1681 Ereignissen
545 1640 595 1671 bis
633 1640 664 1671 in
698 1641 755 1671 das

87 1684 254 1726 Friihjahr
275 1686 335 1716 1¹34
354 1695 381 1716 a.
403 1684 460 1716 Ch.
494 1685 562 1717 Der
578 1685 757 1717 Abschnitt

88 1730 133 1762 ist
156 1741 215 1762 aus
234 1730 304 1761 Pol.
325 1740 527 1771 genommen.
545 1750 587 1753 -—
604 1731 753 1773 hiberna,

88 1775 152 1806 wie
176 1776 229 1813 33,
260 1775 312 1814 27,
341 1777 378 1812 ὃς
409 1776 453 1807 ib.
479 1776 532 1815 38,
564 1776 576 1806 1
607 1787 637 1807 u.
662 1786 691 1807 a.
710 1794 753 1798 —

88 1822 162 1852 iure
179 1820 253 1862 dic„
271 1820 517 1861 Entscheidung
534 1831 598 1851 von
617 1820 755 1852 Rechts—

88 1866 219 1903 saehen,
238 1866 301 1897 wie
319 1871 411 1897 sonst
431 1866 481 1897 die
499 1865 703 1897 Proeonsuln
722 1867 753 1897 in

88 1910 182 1942 ihren
200 1910 403 1952 Provinzen,
427 1911 585 1943 wahrend
610 1912 652 1942 iin
675 1922 754 1943 vor-

88 1955 261 1996 liegenden
285 1955 379 1987 Falle
402 1957 468 1987 wol
491 1957 583 1987 mehr
608 1957 660 1987 die
686 1956 754 1987 An-

89 2001 238 2040 ordnung
292 2001 350 2032 der
404 2001 754 2033 Rechtsverh'dltnisse

88 2044 272 2086 iiber-haupt
301 2046 441 2085 gemeint
470 2046 525 2085 ist,
555 2046 606 2087 33,
640 2047 692 2087 39,
722 2048 753 2078 5.

87 2108 130 2111 —
148 2089 313 2127 mutand„
331 2090 472 2130 andern,
497 2091 650 2133 bessern,
671 2092 753 2123 nach

87 2135 158 2165 dem
176 2134 269 2175 Folg.
291 2135 652 2177 staatseinrichtungen
670 2136 753 2168 tref-

86 2178 154 2221 fen,
184 2180 286 2211 durch
308 2181 432 2212 welche
455 2181 507 2212 die
532 2181 753 2224 Gegenpartei

85 2224 287 2256 beschriinkt
316 2226 416 2267 wird3
448 2226 534 2258 Plut.
564 2227 585 2258 l.
616 2227 638 2258 l.
669 2227 750 2259 ἐπι-

86 2269 226 2312 φοιτῶν
267 2272 344 2306 ταῖς
385 2269 539 2304 πόλεσιν
577 2268 752 2313 εὐνομίαν

86 2312 164 2357 ἅμα
181 2315 238 2346 καὶ
259 2314 366 2354 δίκην
381 2336 403 2338 -
422 2319 585 2359 παρεῖχε.
620 2317 679 2348 Die
694 2317 751 2349 bc-

87 2360 264 2392 stehenden
284 2360 543 2403 Einrichtungen
562 2362 666 2394 sclbst
683 2373 751 2394 wa-

86 2414 144 2436 ren
175 2406 372 2437 schwerlich
400 2408 466 2439 alle
496 2419 559 2439 von
583 2406 750 2450 Philippus

87 2451 227 2482 sondern
257 2452 338 2482 auch
367 2453 468 2484 sehon
500 2464 565 2485 von
595 2451 751 2485 friiheren

86 2492 236 2536 liiinigen
252 2505 492 2539 ausgegangen.
509 2517 553 2521 —
565 2509 651 2537 cum,
661 2509 688 2530 s.
699 2499 750 2539 33,

87 2539 118 2581 8,
139 2541 166 2572 1.
184 2559 226 2563 —
243 2542 397 2583 saonen„
414 2554 443 2575 c.
462 2544 516 2583 21,
533 2544 564 2575 4.

876 1415 950 1446 3-6.
982 1418 1087 1456 veris,
1110 1417 1167 1447 des
1193 1427 1220 1447 c.
1238 1416 1281 1448 43
1305 1416 1498 1448 bezeichne-

830 1465 884 1491 ten
902 1461 1032 1493 Jahres.
1050 1480 1094 1484 -—-
1113 1461 1261 1493 Corinth.
1287 1462 1373 1493 kann
1397 1473 1438 1493 zu
1461 1473 1495 1492 θ*

829 1505 930 1541 dicto,
949 1517 974 1538 s.
995 1517 1021 1538 c.
1038 1506 1090 1548 22,
1110 1509 1139 1547 ὅ,
1157 1508 1220 1537 und
1239 1518 1279 1538 zu
1296 1509 1386 1539 venit
1399 1517 1497 1548 gezo-

828 1561 890 1590 gen
913 1552 1058 1582 werden.
1084 1570 1121 1573 ——
1149 1554 1323 1591 contionis,
1349 1563 1375 1583 s.
1394 1554 1426 1591 2,
1444 1553 1497 1591 23,

830 1596 848 1625 5
872 1607 902 1626 u.
928 1606 957 1627 a.
983 1614 1026 1619 —
1049 1598 1222 1638 eircumf'„
1249 1598 1299 1635 10,
1324 1597 1376 1636 25,
1403 1597 1431 1628 6.
1455 1615 1495 1619 —-

826 1641 868 1671 ab
890 1643 976 1672 inita
998 1652 1072 1684 pru,
1098 1652 1124 1673 s.
1144 1642 1197 1677 26,
1217 1642 1256 1672 21
1272 1641 1294 1673 f.
1312 1660 1357 1665 —
1373 1642 1496 1674 Roma-

826 1687 891 1725 nis,
909 1697 936 1717 c.
957 1686 1010 1726 58,
1029 1685 1058 1717 8.
1074 1690 1296 1729 -ρνηθΐθνφ
1312 1698 1399 1725 eum,
1417 1697 1496 1718 aus—

826 1740 1034 1770 genommen,
1059 1732 1243 1772 abgesehen
1267 1733 1376 1763 daven
1400 1742 1494 1764 wenn

827 1787 859 1807 u.
878 1787 904 1808 s.
926 1787 979 1815 w,
997 1776 1060 1807 wie
1076 1780 1246 1818 praeter-q.
1265 1780 1305 1817 si,
1332 1778 1385 1816 36,
1403 1778 1434 1819 4,
1455 1778 1493 1808 10

827 1832 857 1852 u.
875 1831 918 1859 a,
934 1832 988 1865 pr.
1004 1825 1053 1863 ut,
1070 1823 1101 1861 4,
1120 1823 1151 1861 4,
1176 1823 1223 1863 12,
1240 1823 1307 1864 vgl.
1326 1823 1368 1853 ib.
1393 1823 1442 1863 17,
1462 1823 1491 1853 6.

826 1885 870 1887 -
886 1876 1030 1908 comen„
1056 1877 1080 1898 s.
1099 1868 1152 1909 45,
1181 1867 1231 1907 11,
1250 1868 1280 1909 8,
1301 1868 1420 1899 anders
1439 1868 1493 1907 33,

829 1911 881 1952 12,
906 1913 935 1942 5.
965 1930 1009 1935 -—
1035 1912 1128 1944 lmer.
1153 1931 1175 1934 —
1198 1915 1256 1944 civ.
1294 1913 1395 1944 findet
1423 1913 1495 1944 sich

826 1967 888 1988 nur
909 1956 942 1987 in
965 1957 1024 1988 der
1046 1956 1110 1988 Mz.
1136 1957 1192 1988 Hs.
1218 1958 1281 1989 und
1305 1958 1388 1990 wird
1412 1958 1493 1989 nach

824 2012 889 2033 ¹non
907 2021 927 2024 —
944 2002 1112 2034 metuend.
1132 2003 1220 2034 nieht
1238 2008 1418 2039 erwarten
1438 2004 1493 2043 33,

824 2048 879 2086 4-1,
898 2046 915 2078 S
933 2047 1039 2079 heisst
1056 2058 1108 2079 es:
1133 2049 1273 2081 haerere
1298 2050 1331 2080 in
1355 2050 1493 2080 vz'scerz'-

824 2092 886 2123 bus
908 2091 1083 2130 Graeciae,
1109 2094 1169 2132 32,
1190 2094 1241 2135 21,
1265 2094 1320 2125 18:
1344 2094 1492 2125 tolerare

824 2139 916 2169 intra
931 2140 1058 2170 z't'scem
1074 2138 1202 2177 ltaliae,
1221 2139 1288 2178 vgl.
1300 2139 1422 2180 jedoch
1438 2138 1491 2178 23,

845 2208 853 2224 ,
870 2222 937 2259 49.
974 2228 1057 2259 1-3.
1091 2229 1237 2270 liabitas,
1256 2228 1308 2269 32,
1330 2229 1380 2268 19,
1399 2228 1430 2261 6.
1446 2246 1489 2251 -

823 2274 988 2315 cuiquam,
1017 2273 1095 2305 weil
1117 2274 1148 2304 in
1172 2274 1342 2316 ademptis
1364 2273 1416 2304 ein
1436 2283 1491 2304 ne-

823 2319 955 2358 gativer
973 2318 1101 2360 Begriff
1118 2319 1208 2360 licgt.
1229 2337 1271 2341 —
1289 2320 1390 2350 ruina
1404 2328 1489 2360 gra-

822 2365 900 2395 vz'ss.
921 2364 1104 2406 entsprieht
1121 2363 1270 2395 eam-idio:
1292 2364 1423 2395 Andere
1441 2364 1489 2394 le-

824 2419 879 2440 sen
895 2411 1134 2450 gracias-imae,
1149 2420 1173 2440 s.
1191 2420 1217 2439 c.
1238 2410 1288 2448 17,
1306 2409 1353 2440 12.
1383 2411 1490 2440 inter-

821 2456 920 2491 mori,
934 2455 1092 2486 wiihrend
1107 2455 1165 2485 der
1178 2454 1389 2494 Beliandlung
1403 2459 1489 2486 ster-

822 2499 884 2530 ben
909 2499 941 2530 in
961 2500 1063 2540 Folge
1087 2501 1146 2530 der
1166 2498 1222 2530 fiir
1245 2500 1298 2531 die
1317 2499 1489 2531 sehwache

823 2543 917 2576 Stadt
939 2556 979 2576 zu
1003 2544 1139 2577 star-ken
1156 2544 1278 2585 Mittel,
1302 2545 1368 2585 vgl.
1386 2544 1485 2587 praef.
