1715 2723
139 170 224 213 344

534 168 661 201 LIBER
683 166 876 201 XXXVIII.
903 166 994 199 CAP.
1020 169 1074 201 40.
1102 168 1158 201 41.

1397 172 1422 191 a.
1443 172 1471 191 u.
1493 163 1560 192 566.

142 271 511 324 appropinquantis,
551 270 826 320 impedimenta
855 274 892 307 et
923 269 1093 307 sarcinas
1121 268 1320 316 invadunt,
1363 269 1565 318 caesisque

143 328 369 368 custodibus
394 327 533 377 partim
556 338 618 373 ea,
649 338 747 376 quae
774 325 818 363 in·
846 325 1026 376 plaustris
1057 330 1176 371 erant,
1205 325 1390 375 diripere,
1420 325 1561 376 partim

84 394 122 425 11
143 385 216 424 sub
239 383 422 422 oneribus
442 383 614 421 iumenta
636 382 869 420 abstrahere.
891 382 994 419 unde
1009 386 1214 432 postquam
1231 381 1375 420 clamor
1389 381 1562 432 primum

143 441 191 480 ad
222 452 300 485 eos,
326 439 392 488 qui
421 439 496 476 iam
521 438 686 489 ingressi
711 439 850 476 saltum
880 437 1166 489 sequebantur,
1207 438 1344 476 deinde
1375 438 1488 476 etiam
1513 437 1560 476 ad

143 496 315 548 primum
337 507 474 545 agmen
498 501 554 533 est
572 495 752 545 perlatus,
773 494 970 545 utrimque
991 494 1030 532 in
1054 493 1225 532 medium
1246 494 1504 540 concurritur,
1527 499 1569 532 et

84 560 124 592 12
143 552 408 591 inordinatum
434 551 611 602 pluribus
637 551 753 590 simul
778 551 871 589 locis
899 550 1092 601 proelium
1112 550 1341 588 conseritur.
1372 550 1563 588 Thraecas

143 608 285 660 praeda
316 608 397 658 ipsa
427 608 633 658 impeditos
664 607 847 646 oneribus
879 613 915 645 et
944 608 1163 658 plerosque,
1192 612 1234 645 ut
1264 607 1309 644 ad
1330 606 1562 656 rapiendum

143 677 282 703 vacuas
306 676 445 702 manus
465 664 668 710 haberent,
699 664 868 702 inermes
900 664 945 702 ad
978 663 1133 701 caedem
1155 662 1332 714 praebet,
1362 663 1563 701 Romanos

143 721 324 771 iniquitas
359 721 536 758 locorum
577 720 749 758 barbaris
788 732 858 770 per
898 720 1008 758 calles
1047 725 1157 758 notas
1196 718 1495 757 obcursantibus
1526 724 1566 756 et

85 783 124 815 13
142 777 346 816 latentibus
368 777 565 816 interdum
584 789 653 827 per
676 789 786 815 cavas
807 777 921 814 valles
941 776 1141 826 prodebat.
1191 776 1273 826 ipsa
1310 776 1421 814 etiam
1445 787 1564 813 onera

143 834 409 884 plaustraque,
458 838 501 871 ut
550 835 632 871 fors
674 833 777 879 tulit,
827 833 886 870 his
924 838 988 871 aut
1026 833 1098 870 illis
1135 832 1384 870 incommode
1415 831 1564 869 obiecta

144 890 408 940 pugnantibus
428 889 705 940 impedimento
730 893 831 927 sunt.
853 888 939 926 alibi
962 889 1117 938 praedO,
1137 888 1223 926 alibi
1244 888 1407 939 praedae
1422 888 1562 926 vindex

85 959 126 992 14
146 946 255 985 cadit.
286 951 404 996 prout
430 946 540 984 locus
569 946 727 996 iniquus
757 957 953 995 aequusve
983 945 1042 982 his
1072 950 1137 983 aut
1159 945 1242 989 illis,
1272 950 1390 994 prout
1412 944 1568 982 animus

143 1003 399 1053 pugnantium
425 1008 492 1048 est,
508 1007 626 1052 prout
648 1014 836 1039 numerus
859 1024 913 1028 —-
934 1001 995 1039 alii
1020 1001 1122 1039 enim
1144 1000 1332 1051 pluribus,
1354 1012 1470 1050 quam
1492 999 1566 1049 ipsi

145 1065 265 1105 erant,
287 1059 346 1097 alii
367 1058 616 1109 paucioribus
638 1063 890 1096 occurrerant
910 1080 976 1103 —,
1012 1058 1113 1095 varia
1135 1060 1288 1096 fortuna
1313 1069 1466 1107 pugnae
1488 1061 1564 1102 est;

87 1126 126 1158 15
146 1115 256 1153 multi
276 1115 471 1165 utrimque
493 1116 646 1153 cadunt.
668 1115 743 1152 iam
766 1127 844 1152 nox
865 1113 1076 1164 appetebat,
1099 1126 1189 1151 cum
1205 1113 1352 1164 proelio
1374 1113 1568 1151 excedunt

146 1172 350 1218 Thraeces,
382 1184 461 1209 non
495 1173 584 1222 fuga
617 1172 822 1209 vulnerum
841 1177 907 1209 aut
929 1170 1075 1216 mortis,
1096 1170 1161 1208 sed
1185 1170 1273 1220 quia
1296 1170 1384 1208 satis
1403 1169 1568 1220 praedae

68 1232 124 1272 41
147 1228 349 1266 habebant.
370 1229 639 1267 Romanorum
652 1228 822 1277 primum
835 1240 973 1277 agmen
986 1233 1091 1264 extra
1106 1227 1245 1265 saltum
1262 1226 1360 1264 circa
1378 1226 1565 1276 templum

144 1285 375 1323 Bendidium
402 1290 523 1322 castra
552 1285 637 1322 loco
662 1290 794 1334 aperto
827 1284 977 1334 posuit,
1008 1296 1097 1333 pars
1129 1284 1244 1321 altera
1272 1282 1318 1321 ad
1351 1282 1567 1321 custodiam

146 1341 515 1391 impedimentorum
530 1341 656 1378 medio
675 1341 714 1378 in
731 1341 840 1386 saltu,
863 1340 1004 1391 duplici
1023 1339 1259 1378 circumdato
1279 1338 1390 1386 vallo,
1414 1338 1568 1377 mansit.

147 1496 355 1538 gew'ohnlich
391 1496 448 1527 das
481 1494 615 1537 Gep'zick
653 1496 711 1527 der
748 1495 823 1527 Sol-

147 1543 264 1581 daten,
299 1543 356 1573 das
382 1542 472 1572 (liese
499 1541 602 1572 selbst
628 1545 754 1582 tragen.
780 1559 823 1563 —-

146 1590 203 1619 sub
243 1599 348 1627 onera,
385 1587 581 1618 attributiv:
624 1587 676 1618 die
717 1586 824 1618 Pack-

147 1632 272 1674 pferde,
297 1643 332 1663 so
358 1632 423 1664 wie
451 1632 500 1663 sie
524 1636 621 1663 unter
637 1650 681 1654 —
698 1642 823 1671 waren,

148 1678 200 1709 die
220 1678 340 1709 Lasten
369 1678 517 1717 tragend.
559 1677 608 1708 Zu
632 1678 691 1709 der
715 1677 825 1708 Schil-

148 1724 273 1764 derung
306 1723 371 1764 vgl.
405 1725 454 1763 10,
480 1725 534 1762 20,
569 1724 649 1755 1011.

196 1771 336 1802 11—15.
381 1771 442 1800 iam
483 1772 584 1809 infin,
638 1768 689 1799 (lie
734 1778 826 1799 zwar

146 1814 269 1846 bereits
296 1815 328 1845 in
354 1815 414 1846 den
439 1813 586 1855 Engpass
620 1814 823 1854 eingeriickt,

148 1860 229 1891 aber
261 1861 343 1891 noch
379 1859 469 1890 nIcht
501 1861 584 1890 nahe
613 1869 745 1896 waren,
779 1859 824 1898 (in

148 1905 275 1946 einiger
298 1905 514 1945 Entfernung)
545 1905 690 1945 l‘olgten,
717 1903 738 1946 ξ
767 1906 825 1938 10:

147 1954 286 1982 nondum
311 1954 503 1991 appropiwq.
533 1968 565 1972 -ν
594 1952 716 1989 plurib.
743 1953 824 1990 sim„

151 1997 204 2035 37,
234 1998 286 2033 32,
318 1999 352 2035 13
375 1998 429 2036 22,
456 1999 487 2035 4,
517 1994 567 2028 ssf.
587 2013 630 2017 —
649 1998 771 2034 praeda
788 2007 823 2035 c.,

148 2041 349 2073 Nominativ.
376 2060 419 2063 —
444 2053 568 2081 vacuas,
594 2042 661 2081 vgl.
691 2043 743 2075 24.
774 2043 824 2080 15,

149 2089 180 2120 4.
206 2106 249 2109 ——
268 2089 433 2128 prodebat,
458 2088 587 2118 machtc
605 2087 653 2118 sie
675 2087 826 2118 sichtbar

147 2133 213 2163 und
250 2133 313 2173 gab
352 2132 400 2164 sie
438 2131 547 2171 Preis,
590 2134 649 2171 24,
688 2136 749 2173 30,
788 2133 825 2165 8:

143 2181 287 2216 proditos
310 2181 353 2209 ad
367 2181 486 2210 eaedem
497 2190 510 2220 ,-
537 2178 594 2208 das
616 2177 742 2219 hnperf.
762 2178 826 2209 wie

148 2223 294 2264 sogleich
326 2227 396 2255 tulit
423 2227 519 2255 unter
547 2224 606 2254 den
644 2227 824 2264 praesentt.

148 2268 224 2300 hist.
251 2269 294 2300 ist
318 2280 357 2300 zu
384 2270 555 2302 beachten.
574 2286 618 2290 -—
638 2280 745 2299 onera.
774 2268 825 2300 die

148 2313 412 2355 abgeworsenen.
439 2334 474 2337 —
495 2320 614 2354 prout,
652 2324 679 2347 e.
707 2316 759 2353 50,
788 2316 825 2356 53

150 2361 203 2400 37,
230 2362 282 2397 52,
308 2362 337 2393 6.
370 2378 410 2381 —-
442 2362 520 2400 z'm'q.
548 2370 719 2400 aequusve,
759 2359 825 2399 vgl.

149 2405 180 2444 9,
207 2407 238 2443 4,
264 2407 302 2438 9:
328 2417 425 2446 aequo
449 2412 504 2437 aut
528 2408 637 2446 imquo
656 2407 742 2443 loeo,·
766 2405 825 2435 dn-

148 2459 252 2489 gegen
286 2453 345 2489 25,
379 2453 429 2486 14,
455 2453 494 2484 9:
521 2462 620 2492 aequa
643 2457 736 2491 atque
759 2453 826 2482 ini-

148 2506 231 2535 qua,·
267 2497 327 2536 44,
356 2499 396 2535 4,
424 2498 443 2529 6
468 2507 498 2527 υ.
523 2508 570 2535 a.;
613 2495 721 2536 wenig
747 2505 826 2526 ver-

149 2540 301 2572 schieden
335 2541 379 2572 ist
411 2551 451 2572 an
490 2553 519 2573 u.
553 2541 601 2572 St.
643 2542 701 2572 das
745 2539 823 2581 folg.

148 2592 211 2625 auc,
242 2587 387 2626 dagegen
414 2589 450 2627 5,
479 2588 517 2627 8,
548 2588 605 2619 13:
632 2588 705 2619 huie
729 2593 824 2627 atque

892 1497 959 1533 illi,
998 1494 1091 1535 jenes
1133 1494 1414 1534 ausschlicssend,
1463 1493 1569 1525 dieses

893 1540 1155 1581 gleichstellend.
1182 1559 1227 1562 ——
1252 1543 1350 1573 (zozim.
1372 1551 1485 1581 φιφτη
1511 1541 1566 1578 22,

895 1589 924 1625 5,
955 1588 984 1619 8.
1010 1605 1046 1607 —
1058 1587 1148 1627 fuya
1162 1585 1193 1616 in
1218 1585 1378 1626 gleichem
1398 1585 1568 1626 logischen

896 1631 1128 1664 Vei-hahuisse
1154 1630 1219 1662 wie
1243 1634 1321 1672 quia
1348 1635 1410 1662 etc.

938 1674 1008 1712 41,
1041 1678 1134 1709 1-3,
1150 1679 1353 1715 Bendidium,
1375 1676 1427 1707 ein
1437 1674 1571 1716 Tempel

894 1723 952 1753 (ler
1006 1722 1215 1753 thracischen
1265 1721 1381 1753 Go'ttin
1438 1723 1570 1761 Benda's,

894 1768 1020 1799 welche
1076 1768 1133 1799 der
1181 1767 1327 1799 Artemis
1387 1767 1466 1798 oder
1513 1766 1571 1797 der

895 1813 1019 1855 Cybele
1044 1813 1289 1853 gleiehgestellt
1305 1812 1409 1852 wird,
1436 1811 1571 1843 Lucian.

896 1858 1071 1890 Icaromen.
1103 1861 1162 1891 24:
1196 1861 1258 1890 καὶ
1282 1855 1323 1890 τὸ
1352 1857 1573 1891 Βενδίδειον

895 1905 1039 1948 ἐγένετο
1059 1905 1097 1937 ἐν
1119 1900 1263 1947 &aqi-ms,-
1287 1904 1345 1935 das
1372 1902 1452 1934 Fest
1476 1905 1571 1935 Βεν-

896 1950 1017 1983 offlam
1043 1937 1196 1981 crw'alsnt
1216 1940 1335 1981 Strabo
1374 1951 1432 1988 10,
1459 1949 1497 1988 3,
1530 1949 1570 1980 16

894 2007 923 2037 p.
950 1998 1026 2028 470.
1055 2014 1098 2017 ψ-
1126 1997 1316 2027 cz'rcmndato
1342 1994 1405 2025 wie
1432 1995 1486 2033 30,
1516 1994 1567 2033 19,

896 2042 935 2081 ὃς
978 2041 1109 2072 Anderc
1149 2041 1238 2072 lesen
1286 2042 1490 2072 oiremndata.
1532 2056 1573 2060 —

894 2098 1027 2127 mover.,
1056 2089 1114 2126 10,
1141 2090 1180 2124 4,
1208 2088 1247 2129 93
1273 2087 1326 2125 35,
1352 2087 1392 2125 4,
1423 2087 1461 2125 53
1489 2083 1572 2115 iiber

896 2133 956 2163 den
988 2131 1102 2163 Plural
1136 2133 1218 2163 nach
1250 2133 1367 2163 mansit
1401 2141 1425 2161 s.
1452 2128 1491 2161 H.
1516 2131 1570 2162 67.

895 2196 940 2199 ——
963 2189 995 2209 eo
1030 2180 1144 2217 procl„
1191 2177 1224 2208 in
1257 2178 1327 2208 dem
1365 2175 1460 2207 dabei
1485 2178 1571 2206 statt

896 2223 1064 2254 findenden
1091 2222 1246 2264 Hampse,
1282 2233 1323 2254 an
1356 2222 1413 2252 das
1437 2220 1571 2252 Treffen

896 2279 946 2299 am
972 2272 1082 2299 ersten
1113 2268 1203 2309 Tage
1238 2268 1283 2299 ist
1319 2277 1434 2307 wegen
1459 2277 1492 2298 eo
1523 2268 1574 2297 die

895 2315 960 2345 und
989 2315 1044 2345 des
1061 2313 1283 2354 Gegensatzes
1301 2312 1466 2343 zwischen
1481 2313 1577 2344 multi

895 2360 958 2390 und
990 2362 1110 2400 aliquot
1140 2359 1232 2390 nicht
1273 2369 1313 2389 zu
1350 2357 1487 2389 denken.
1525 2374 1572 2379 —

895 2417 964 2436 cum
993 2423 1032 2427 —
1060 2417 1139 2445 cum,
1165 2415 1190 2436 s.
1217 2406 1247 2444 8,
1278 2406 1329 2444 11,
1350 2405 1390 2445 43
1414 2405 1445 2443 4,
1465 2404 1519 2441 50,
1537 2404 1568 2434 2.

895 2469 939 2473 —
979 2453 1187 2489 impedimen&
1241 2450 1328 2481 kann
1370 2448 1421 2479 die
1461 2446 1568 2479 Pack-

895 2495 1006 2537 pferde
1032 2496 1241 2535 bezeichnen,
1268 2495 1360 2527 Curt.
1387 2495 1418 2534 9,
1436 2494 1491 2533 42,
1510 2494 1572 2525 22:

893 2543 1006 2581 quibus
1023 2544 1243 2580 impedimenta
1259 2540 1397 2582 (vorher
1420 2549 1571 2580 equorum

896 2588 1179 2627 iumentorumque)
1218 2588 1366 2624 deman&
1406 2583 1498 2616 Caes.
1538 2585 1569 2624 7,
