1715 2723
49 141 221 166 a.0h.197.
482 131 608 164 LIBER
624 131 765 164 XXXII.
794 131 886 163 CAP.
907 132 959 163 29.
980 133 1032 164 30.

1379 136 1453 175 161

48 235 121 274 sub
142 234 291 273 dicione
313 238 440 282 erant,
463 234 683 285 quindecim
706 233 857 284 oppida,
879 233 1087 271 hominum
1104 235 1235 285 viginti
1253 236 1357 274 milia
1374 248 1457 274 esse
1488 243 1506 275 8

49 290 287 336 dicebantur,
310 303 407 341 quae
429 303 470 328 se
487 290 723 329 dediderant.
760 289 849 326 inde
871 289 909 326 in
930 301 1065 339 agrum
1084 290 1271 329 Boiorum
1290 292 1458 342 legiones

49 346 168 384 duxit.
205 346 390 385 Boiorum
412 346 600 385 exercitus
622 346 726 384 haud
747 345 799 383 ita
820 345 944 383 multo
967 350 1056 383 ante
1078 346 1279 385 traiecerat
1295 348 1458 394 Padum,
1478 351 1532 389 30

47 402 302 453 iunxeratque
328 415 369 440 se
397 401 623 440 Insubribus
652 407 690 440 et
717 401 969 447 Cenomanis,
1006 402 1110 452 quod
1141 402 1193 440 ita
1221 410 1458 453 acceperant,
1490 413 1508 445 2

48 458 264 497 coniunctis
287 458 500 509 legionibus
517 459 697 496 consules
718 469 801 495 rem
819 462 1010 507 gesturos,
1034 461 1078 495 ut
1099 462 1137 495 et
1157 457 1231 508 ipsi
1248 460 1403 498 collatas
1420 460 1460 498 in

46 525 172 552 unum
193 514 283 552 viris
304 514 514 552 firmarent.
556 519 766 565 postquam
787 514 890 551 fama
911 513 1045 551 accidit
1066 513 1229 551 alterum
1260 516 1459 553 consulem
1490 525 1508 556 3

48 569 235 608 Boiorum
256 582 368 608 urere
391 582 514 621 agros,
537 570 674 608 seditio
705 570 899 619 extemplo
932 573 1015 607 orta
1044 574 1122 607 est:
1152 570 1349 619 postulare
1377 572 1458 612 Boi.

47 630 91 664 ut
111 625 372 665 laborantibus
391 638 505 676 opem
523 626 689 664 universi
705 626 871 671 ferrent3
893 624 1076 663 Insubres
1092 637 1231 675 negare
1250 638 1290 664 se
1307 638 1375 664 sua
1392 627 1461 664 de-

48 686 233 719 serturos.
274 682 325 719 ita
346 682 487 719 divisae
508 682 657 732 copiae,
687 682 853 732 Boisque
876 680 915 718 in
936 693 1071 731 agrum
1108 693 1224 719 suum
1252 682 1461 720 tutandum
1491 693 1511 723 4

44 737 229 787 profectis
246 737 429 775 Insubres
446 750 535 776 cum
554 738 786 776 Cenomanis
804 749 922 787 super
938 737 1062 774 amnis
1078 736 1207 774 Mincii
1224 737 1348 787 ripam
1366 749 1462 776 con-

45 793 242 831 sederunt.
284 793 382 831 infra
404 806 495 831 eum
516 795 644 832 locum
668 807 723 832 mi
746 798 784 831 et
800 792 935 831 consul
952 792 1151 831 Cornelius
1169 793 1294 831 eidem
1312 794 1462 832 flumini

45 852 167 886 castra
187 848 382 900 applicuit.
421 849 510 887 inde
530 850 718 888 mittendo
752 850 792 888 in
811 850 916 888 vicos
938 848 1251 887 Cenomanorum
1272 849 1463 888 Brixiam·
1491 860 1511 891 6

47 916 134 954 que,
159 905 260 954 quod
284 910 398 955 caput
419 906 543 956 gentis
565 911 657 951 erat,
679 910 723 943 ut
745 906 836 943 satis
858 905 1048 955 comperit
1071 917 1150 943 non
1171 918 1218 943 ex
1235 906 1463 944 auctoritate

45 960 243 998 seniorum
272 961 512 999 iuventutem
547 962 586 999 in
626 961 742 999 armis
771 974 874 1006 esse,
897 973 968 998 nec
995 961 1148 1011 publico
1173 961 1332 1000 consilio
1349 962 1462 1000 Insu-

45 1015 162 1054 brum
185 1016 390 1055 defectioni
413 1018 657 1056 Cenomanos
680 1030 762 1055 sese
785 1017 1023 1062 adiunxisse,
1051 1017 1184 1055 excitis
1214 1018 1259 1055 ad
1292 1030 1332 1055 se
1353 1018 1462 1067 prin·
1493 1029 1510 1059 7

47 1071 195 1122 cipibus
217 1072 255 1110 id
278 1085 387 1123 agere
409 1086 452 1111 ac
473 1074 600 1112 moliri
621 1074 765 1124 coepit,
796 1079 839 1111 ut
869 1073 1126 1111 desciscerent
1158 1073 1204 1111 ab
1235 1073 1461 1112 Insubribus

48 1127 258 1166 Cenomani
280 1134 316 1166 et
338 1129 496 1167 sublatis
517 1130 635 1180 signis
657 1134 722 1167 aut
745 1129 883 1167 domos
904 1128 1076 1166 redirent
1103 1133 1168 1166 aut
1196 1129 1242 1166 ad
1263 1129 1462 1168 Romanos

45 1183 268 1221 transirent.
312 1188 349 1221 et
370 1185 406 1221 id
430 1185 586 1235 quidem
609 1186 805 1235 impetrari
826 1184 993 1235 nequiit:
1024 1184 1062 1221 in
1084 1184 1119 1222 id
1142 1184 1235 1222 fides
1259 1185 1347 1223 data
1369 1197 1462 1223 con·
1493 1197 1510 1227 8

50 1239 125 1277 suli
147 1244 216 1285 est,
238 1244 282 1277 ut
303 1239 341 1277 in
358 1240 437 1278 acie
461 1246 526 1279 aut
548 1241 801 1291 quiescerent,
825 1246 901 1286 aut,
925 1240 954 1277 si
973 1252 1046 1289 qua
1064 1240 1179 1278 etiam
1199 1241 1348 1278 occasio
1366 1241 1463 1278 fuis-

49 1299 119 1340 set,
143 1295 367 1334 adiuvarent
388 1297 597 1336 Romanos.
639 1298 735 1335 haec
762 1297 813 1335 ita
842 1296 1069 1335 convenisse
1098 1296 1279 1334 Insubres
1307 1296 1464 1346 ignora-
1492 1310 1511 1340 9

49 1350 163 1397 bant3
192 1351 349 1389 suberat
376 1357 507 1390 tamen
535 1354 723 1403 quaedam
751 1353 918 1403 suspicio
950 1352 1088 1390 animis
1116 1352 1244 1390 labare
1266 1352 1382 1390 fidem
1400 1366 1465 1391 so-

50 1406 213 1445 ciorum.
263 1406 413 1458 itaque,
444 1421 532 1447 cum
564 1410 603 1447 in
632 1409 753 1447 aciem
781 1408 1023 1453 eduxissent,
1054 1413 1239 1446 neutrum
1268 1408 1314 1446 iis
1344 1420 1466 1446 cornu

51 1462 297 1501 committere
319 1464 413 1509 ausi,
437 1477 506 1512 ne,
529 1465 561 1503 si
583 1465 671 1503 dolo
700 1465 924 1510 cessissent,
954 1476 1038 1502 rem
1066 1468 1189 1502 totam
1222 1464 1464 1510 inclinarent,

1492 803 1510 833 0(

50 1551 110 1582 Die
142 1551 296 1592 Stellung
335 1554 526 1586 chiastisch.
560 1574 603 1577 —-
642 1565 719 1597 agr.

51 1596 139 1637 Boi„
168 1598 235 1638 vgl.
256 1597 338 1629 Plin.
360 1599 389 1637 3,
419 1601 467 1641 15,
491 1600 570 1630 11οε
600 1602 632 1631 e'n
663 1601 721 1630 hoc

52 1643 165 1672 tracta
185 1643 367 1682 (zwischen
386 1643 446 1682 Po,
472 1645 639 1685 Appennin
658 1645 723 1675 und

52 1685 249 1725 Ariminum)
269 1688 473 1719 interierunt
490 1689 561 1729 Boi,
580 1700 724 1730 quoram

53 1731 166 1762 tribus
184 1742 244 1763 exn
263 1732 375 1773 fuisse
393 1736 514 1765 (mc-tor
530 1737 581 1764 est
601 1734 691 1765 Cato.

101 1769 169 1807 30.
190 1776 274 1808 1-3.
303 1779 351 1807 ita
376 1779 477 1809 durch
501 1781 686 1810 coniunctis
704 1797 724 1800 —

50 1822 215 1861 gesturos
243 1822 391 1861 erkliirt3
427 1826 466 1854 ηιξ
495 1843 515 1846 -
543 1824 725 1865 firmarent

53 1865 157 1905 hiingt
174 1876 238 1896 von
256 1868 441 1898 [numerant
467 1869 522 1908 ab,
552 1869 615 1899 und
634 1868 725 1909 giebt

54 1910 281 1951 nachtraglieh
304 1912 356 1943 die
380 1913 519 1944 Absicht
542 1923 593 1944 an.
621 1932 664 1936 —
693 1915 726 1944 et

54 1956 123 1996 ipsi
149 1956 213 1986 und
243 1957 343 1987 sehon
367 1961 581 2000 acceperant,
612 1959 660 1989 als
686 1958 724 1988 ob

56 1999 133 2030 Boii
161 2002 194 2030 et
222 2000 382 2032 Insubres
413 2005 513 2044 (etque
545 2003 728 2034 Cenomani

56 2043 299 2084 vorangicnge3
329 2049 362 2076 et
391 2048 458 2088 ipsi
484 2048 529 2079 ist
556 2048 589 2078 in
613 2048 726 2079 Bezic-

56 2088 146 2128 hung
173 2087 233 2119 auf
257 2091 409 2121 consules
439 2102 490 2122 um
519 2093 571 2123 die
597 2093 725 2134 gleiche

56 2131 250 2173 Thatigkeit
265 2134 367 2166 nahor
381 2147 420 2166 zu
438 2136 633 2169 bezeichnen
644 2138 727 2168 noch

59 2177 313 2217 eingeschoben.
332 2198 375 2202 ——
403 2180 542 2212 collatas
558 2197 579 2208 τ
596 2184 628 2213 si
646 2183 726 2213 oder

58 2231 95 2253 eo
120 2222 209 2263 quod
229 2223 368 2255 collatae
392 2229 503 2257 essent
520 2227 570 2258 od.
589 2229 726 2258 coniun-

3 2294 4 2307 2
58 2268 205 2298 scissent.

104 2312 192 2343 4—7.
217 2314 250 2343 in
273 2323 349 2355 ugr.
368 2325 413 2354 3.,
438 2316 487 2346 als
514 2315 553 2346 ob
572 2327 634 2347 nur
646 2326 728 2358 pro-

4 2372 6 2410 }
59 2356 164 2397 fectis
193 2357 282 2388 nicht
311 2359 394 2389 auch
414 2360 593 2392 tutandum
618 2360 729 2401 folgen

62 2400 172 2439 sollte,
191 2412 218 2432 s.
236 2402 264 2443 1,
279 2403 308 2444 6,
328 2403 355 2434 1.
370 2421 413 2426 —-
430 2416 490 2438 Α1111
508 2417 537 2436 n.
554 2416 729 2448 passuum.

6 2476 7 2479 ,
61 2462 106 2467 —
121 2447 228 2486 vicos,
248 2447 279 2477 in
298 2448 399 2479 denen
418 2451 469 2481 die
488 2449 617 2481 Gallier
634 2452 731 2482 meist

63 2489 212 2531 wohnen,
230 2501 254 2522 s.
274 2502 301 2522 c.
323 2492 376 2533 31,
396 2495 426 2525 2.
445 2515 488 2517 -
517 2495 686 2537 Βνί,ι,·ι”αιη,
704 2506 730 2527 s.

66 2534 97 2573 5,
116 2534 218 2575 35,1.
235 2554 279 2558 -—
306 2538 408 2581 quod,
434 2540 486 2580 33,
514 2541 541 2580 1,
564 2541 591 2572 1.
608 2559 649 2563 —
681 2552 732 2572 se-

141 2590 204 2616 Tit.
219 2591 285 2617 Liv.
305 2592 372 2619 VII.
393 2594 417 2618 2.
434 2592 511 2620 Auss.

794 1556 898 1591 nior„
922 1554 975 1585 die
992 1554 1083 1593 hier,
1109 1554 1172 1584 wie
1192 1554 1243 1595 21,
1263 1553 1316 1592 30,
1336 1554 1371 1593 33
1396 1554 1464 1594 vgl.

796 1600 848 1640 35,
876 1599 928 1637 22,
953 1600 991 1635 43
1023 1599 1076 1637 39,
1102 1599 1155 1638 55,
1178 1599 1211 1637 1,
1243 1598 1338 1629 einen
1367 1598 1468 1629 Senat

795 1644 922 1675 bilden:
943 1643 1034 1685 publ.
1055 1653 1163 1679 cons.;
1188 1644 1245 1674 das
1264 1643 1351 1674 Volk
1376 1643 1467 1674 hiitte

796 1689 867 1720 also
892 1689 975 1718 noch
998 1686 1057 1718 auf
1076 1688 1135 1718 der
1153 1688 1244 1718 Seite
1270 1688 1329 1718 der
1348 1687 1469 1719 111111161-

797 1733 996 1774 ςθεῒιιιιᾶθῃ,
1022 1743 1048 1763 s.
1069 1732 1121 1773 31,
1144 1732 1193 1764 10.
1213 1750 1256 1754 -
1285 1732 1473 1773 defectioni

798 1777 900 1819 wie§
922 1777 978 1814 133
998 1777 1051 1815 24,
1072 1778 1152 1813 5,1.

844 1823 930 1853 8—9.
958 1821 994 1853 id
1016 1821 1160 1863 quidem,
1190 1832 1216 1853 s.
1236 1821 1266 1861 2,
1285 1821 1315 1861 2,
1334 1822 1364 1852 9.
1385 1824 1417 1853 in
1435 1821 1472 1852 id

798 1871 845 1903 ut,
864 1867 932 1907 vgl.
953 1867 1005 1903 30,
1028 1867 1077 1903 12,
1101 1867 1160 1905 15,
1185 1866 1238 1903 28,
1262 1867 1310 1903 17,
1329 1867 1361 1897 9.
1379 1883 1423 1889 —
1440 1868 1472 1897 si

799 1923 864 1954 qna
881 1914 999 1950 etiam,
1024 1921 1120 1941 wenn
1146 1911 1216 1942 sich
1234 1912 1314 1942 auch
1334 1911 1418 1942 dazu
1436 1922 1468 1942 u.

799 1969 826 1989 s.
857 1967 918 1996 W„
947 1957 1031 1987 doch
1060 1956 1160 1987 sollte
1190 1966 1264 1986 man
1296 1958 1395 1987 etiam
1426 1956 1470 1986 im

798 2002 1000 2044 Hauptsatze
1018 2006 1201 2039 erwarten,
1223 2011 1319 2031 wozu
1343 2011 1377 2032 es
1396 2001 1467 2032 dem

799 2047 898 2078 Sinne
914 2047 995 2078 nach
1011 2046 1095 2077 auch
1108 2047 1173 2077 wol
1187 2046 1316 2086 gehiirt,
1335 2046 1400 2086 vgl.
1416 2046 1470 2085 25,

799 2092 852 2134 38,
874 2091 928 2123 13:
955 2091 1132 2134 profecto;
1160 2092 1189 2129 5,
1208 2091 1262 2130 48,
1281 2091 1315 2121 6:
1338 2094 1470 2128 tamem

798 2137 963 2175 hercules,
983 2136 1050 2167 Cic.
1066 2136 1098 2168 S.
1111 2135 1209 2167 Rosc.
1228 2136 1280 2175 11,
1295 2135 1330 2166 31
1345 2146 1352 2173 ς
1367 2135 1468 2167 verr.

800 2183 830 2222 5,
849 2182 902 2222 58,
924 2181 997 2213 121.
1017 2199 1059 2203 —
1085 2191 1149 2212 oce.
1169 2180 1284 2221 fuiss„
1304 2180 1466 2211 eintreten

799 2227 930 2266 wiirde,
956 2237 982 2257 S.
1004 2226 1056 2265 34,
1075 2226 1128 2265 21,
1148 2226 1184 2264 7,
1209 2226 1262 2256 42.
1283 2225 1336 2263 31,
1355 2225 1391 2255 ὃς
1417 2225 1474 2255 cui

799 2282 876 2303 sors
892 2272 1038 2313 fuisset:
1067 2271 1120 2310 45,
1139 2271 1192 2307 44,
1213 2271 1268 2300 10:
1288 2271 1319 2300 si
1334 2271 1363 2299 is
1386 2279 1473 2311 ager

797 2316 916 2359 populi
941 2316 1089 2347 Romam?
1115 2315 1261 2357 fnisset,
1292 2314 1321 2353 3,
1353 2314 1405 2351 50,
1439 2314 1470 2352 4,

801 2362 868 2402 vgl.
888 2361 941 2401 21,
960 2360 1013 2400 39,
1032 2361 1063 2391 9.
1081 2378 1124 2382 -—
1155 2360 1293 2390 salam-at
1311 2369 1338 2399 q.
1360 2369 1399 2397 s.,
1418 2358 1470 2397 25,

803 2406 857 2445 35,
877 2405 914 2443 33
931 2406 984 2444 26,
1004 2405 1055 2446 20,
1075 2406 1105 2436 5.
1124 2424 1165 2427 -—
1184 2414 1288 2435 cornu
1306 2413 1403 2441 eom„
1421 2403 1472 2434 ih-

803 2462 864 2482 nen
882 2455 1118 2489 anvertrauen,
1133 2449 1180 2479 sie
1198 2450 1259 2479 den
1274 2447 1392 2488 Fliigel
1409 2448 1473 2479 bil-

803 2496 865 2527 den
898 2496 1025 2533 lassen,
1061 2495 1133 2525 eine
1166 2493 1273 2524 media
1306 2493 1394 2524 acies
1427 2493 1472 2524 ist

804 2541 892 2572 nicht
909 2552 950 2571 zu
967 2539 1106 2571 denken.
1126 2557 1167 2561 ——
1187 2538 1353 2578 inclinar„
1372 2548 1399 2569 s.
1416 2537 1470 2577 27,

1164 2594 1199 2625 11
