1715 2723
543 109 667 142 LIBER
683 109 813 143 XXXI.
841 109 934 142 CAP.
953 111 1006 143 25.
1419 113 1471 151 47

77 130 101 147 a.
115 121 167 147 ch.
183 120 242 145 200.

73 219 156 254 erat
174 214 367 253 terribilis.
399 213 579 251 adversus
606 213 710 251 hunc
735 213 888 251 hostem
911 223 1013 258 cum,
1044 216 1230 263 quantum
1253 225 1298 251 ex
1320 225 1472 264 quaque
1499 220 1520 251 4

73 270 222 309 civitate
244 270 412 309 militum
434 269 679 313 scriberetur,
702 269 978 314 consultarent,
1001 268 1200 319 Philippus
1222 270 1471 320 dempturum

73 339 112 365 se
133 326 188 365 eis
210 339 355 372 curam,
380 325 483 375 quod
503 325 549 363 ad
571 324 709 362 Nabim
741 330 777 363 et
800 324 1122 363 Lacedaemonios
1144 326 1336 371 attineret,
1359 325 1472 376 polli-

73 383 185 430 citus,
207 394 279 421 nec
298 387 450 421 tantum
472 393 583 431 agros
611 380 807 419 sociorum
830 380 1147 431 populationibus
1169 381 1470 431 prohibiturum,
1501 389 1518 420 5

72 439 139 477 sed
155 443 345 478 terrorem
363 449 518 477 omnem
535 436 624 475 belli
641 437 680 475 in
696 437 819 488 ipsam
837 437 1063 475 Laconicam
1083 437 1198 475 ducto
1217 449 1261 474 eo
1280 438 1471 489 extemplo

72 495 240 533 exercitu
261 495 502 533 tralaturum.
542 493 636 531 haec
659 493 781 532 oratio
803 505 891 531 cum
913 492 1057 543 ingenti
1079 493 1246 531 adsensu
1266 493 1470 532 hominum
1500 500 1520 533 6

71 551 319 602 acciperetur,
343 550 420 597 „ita
440 554 572 587 tamen
592 561 758 600 aequum
782 554 867 587 est“
889 549 1015 600 inquit
1037 562 1127 595 „me
1144 554 1270 587 vestra
1291 550 1388 588 meis
1409 562 1471 588 ar-

72 607 145 645 mis
160 608 289 653 tutari,
312 618 360 645 ne
383 618 469 645 mea
491 605 645 643 interim
676 606 872 644 nudentur
893 605 1105 656 praesidiis.
1144 605 1285 656 itaque,
1308 605 1340 643 si
1362 606 1470 644 vobis
1500 614 1517 644 7

5 666 7 717 ζ
70 663 232 709 videtur,
250 667 403 701 tantum
419 666 549 713 parate
566 662 744 707 militum,
763 667 953 713 quantum
971 662 1017 700 ad
1036 662 1179 700 Oreum
1197 667 1235 700 et
1253 661 1469 700 Chalcidem

5 746 7 773 3
70 723 109 757 et
125 719 354 757 Corinthum
376 718 519 757 tuenda
540 718 632 757 satis
656 718 718 763 sit,
737 724 780 756 ut
801 718 898 756 meis
916 718 962 756 ab
979 723 1085 768 tergo
1102 718 1194 756 tutis
1212 729 1372 756 securus
1389 717 1470 756 hel—

6 810 7 823 ,
70 775 152 813 lum
168 775 302 813 Nabidi
318 775 478 813 inferam
496 778 534 812 et
550 774 905 813 Lacedaemoniis.“
936 786 1015 812 non
1031 774 1163 812 fefellit
1179 773 1366 820 Achaeos,
1393 787 1469 825 quo
1500 781 1518 813 8

71 835 282 882 spectasset
297 835 376 870 tam
392 831 555 881 benigna
570 830 793 881 pollicitatio
817 830 1079 881 auxiliumque
1096 830 1268 868 oblatum
1286 830 1470 869 adversus

6 927 7 930 ,
70 886 412 926 Lacedaemonios:
442 887 480 925 id
511 887 656 937 quaeri,
685 892 729 925 ut
759 887 932 925 obsidem
960 887 1202 925 Achaeorum
1230 887 1470 925 iuventutem

71 943 252 982 educeret
279 956 325 981 ex
352 943 619 992 Peloponneso
647 943 693 980 ad
724 942 939 993 illigandam
970 943 1144 981 Romano
1173 942 1272 980 hello
1300 947 1468 992 gentem.

72 1003 111 1037 et
127 998 163 1036 id
180 999 336 1049 quidem
353 1010 559 1049 coarguere
568 998 761 1049 Cycliadas
778 1004 932 1048 praetor
940 998 1182 1037 Achaeorum
1199 998 1292 1036 nihil
1308 998 1469 1037 attinere
1498 1005 1517 1037 9

71 1058 188 1100 ratus,
221 1054 257 1092 id
287 1054 404 1092 modo
432 1067 520 1092 cum
549 1054 719 1100 dixisset,
746 1066 826 1092 non
853 1054 965 1092 licere
993 1054 1139 1105 legibus
1161 1054 1402 1092 Achaeorum
1424 1055 1469 1093 de

71 1110 152 1149 aliis
171 1109 287 1148 rebus
307 1110 462 1155 referre,
491 1122 608 1160 quam
628 1114 789 1160 propter
809 1122 903 1160 quas
925 1110 1124 1149 convocati
1145 1114 1285 1155 essent,
1315 1110 1469 1148 decreto
1501 1117 1541 1150 10

69 1165 116 1204 de
137 1166 306 1204 exercitu
334 1166 503 1216 parando
532 1166 713 1204 adversus
736 1166 872 1204 Nabim
900 1167 1001 1205 facto
1023 1166 1227 1204 consilium
1256 1165 1408 1204 fortiter
1427 1179 1472 1205 ac

8 1261 9 1264 Ἴ
69 1221 185 1260 libere
206 1222 381 1260 habitum
403 1221 560 1267 dimisit,
589 1221 690 1260 inter
718 1222 983 1260 adsentatores
1005 1222 1129 1273 regios
1151 1227 1237 1261 ante
1261 1233 1343 1260 eam
1368 1222 1469 1261 diem

8 1379 10 1391 ,
69 1360 135 1387 anit
165 1355 403 1396 niedergelcgt,
438 1367 474 1387 so
504 1361 641 1388 erneute
671 1358 729 1388 der

8 1419 10 1432 2
69 1399 205 1442 Tyr-ann
245 1400 335 1432 seine
374 1399 550 1442 Raubziige
600 1401 631 1432 in
671 1402 728 1433 das

804 1357 899 1387 obses
915 1359 1019 1397 esset,
1045 1356 1101 1387 hat
1119 1356 1191 1387 sich
1208 1366 1249 1387 an
1269 1356 1327 1387 das
1345 1357 1466 1388 collec-

802 1402 872 1432 tive
901 1403 1107 1432 inventutem
1133 1401 1401 1441 angeschlossen.
1425 1419 1469 1424 ——

14 2303 16 2317 2
64 2295 161 2325 tantu
165 2304 195 2324 m

68 1445 239 1476 ach'aiische
260 1443 388 1476 Gebiet.

113 1490 200 1521 4-7.
227 1493 389 1530 quantum
406 1502 433 1522 e.
454 1501 500 1532 q.‚
519 1491 584 1531 vgl,
605 1491 656 1532 33,
677 1491 727 1532 14,

71 1534 126 1572 1ος
142 1534 294 1575 34,24,7.
310 1553 353 1558 —
367 1535 562 1577 quod—att„
576 1546 602 1567 s.
614 1536 728 1577 33,45,

69 1579 99 1610 2.
116 1597 162 1602 —
175 1579 360 1621 pollicitus,
385 1591 413 1611 n.
433 1583 501 1617 est,
526 1591 552 1612 s.
571 1592 597 1611 c.
617 1581 654 1611 21
672 1604 679 1619 ,
699 1581 728 1622 5,

68 1624 136 1664 vgl.
154 1624 212 1664 34,
230 1624 288 1665 25,
306 1624 343 1663 8,
366 1625 448 1655 nach
465 1624 600 1665 Madvig
617 1626 661 1656 ist
678 1628 729 1656 est

10 1664 12 1697 i
69 1666 285 1707 ausgefallen.
304 1687 346 1691 —
363 1671 488 1700 terror.
508 1679 649 1704 omnem,
666 1670 728 1701 wie

11 1724 12 1743 ἢ
69 1722 97 1743 c.
117 1712 175 1750 22,
195 1712 224 1743 6.
244 1730 287 1734 -
303 1713 490 1755 hominum,
515 1714 579 1745 wie
596 1714 629 1745 in
647 1713 728 1746 Rom

11 1754 12 1763 ¹
68 1767 133 1787 von
151 1757 212 1787 den
230 1757 428 1796 Senatoren,
447 1758 482 1798 6,
504 1759 559 1799 15,
582 1759 614 1800 1,
632 1759 671 1790 da
689 1770 728 1790 zu

67 1801 128 1831 den
160 1802 505 1834 ausserordentlichen
537 1804 728 1835 Versamm-

66 1845 186 1885 lungen
216 1847 421 1887 gewo'hnlich
451 1848 539 1879 nicht
568 1859 604 1879 so
640 1849 727 1880 viele

65 1890 206 1932 Biirger,
223 1902 251 1922 s.
271 1891 323 1932 32,
342 1892 394 1933 20,
414 1893 443 1932 7,
462 1893 665 1925 erschieuen.
684 1912 727 1916 —

64 1936 115 1967 ita
137 1954 157 1958 -
180 1946 221 1966 ne
245 1936 509 1976 bescbrfinkend,
534 1948 560 1969 s.
589 1938 647 1979 22,
672 1939 725 1977 61,

66 1979 102 2019 ὃς
127 1980 184 2021 38,
202 1981 238 2021 4,
257 1980 276 2011 6
294 1992 324 2012 u.
344 1992 373 2013 a.
397 2000 440 2005 ——
462 1985 575 2014 vestra
598 2002 618 2005 —
641 1994 726 2025 mea,

66 2024 302 2065 Besitzungen,
327 2025 472 2068 Liiuder,
498 2028 532 2068 7,
556 2028 614 2069 31,
633 2029 663 2059 3.
682 2047 727 2051 ——

13 2104 14 2107 Ἰ
68 2069 191 2101 Oreum
214 2074 276 2101 etc.
300 2071 451 2112 wichtige
468 2071 671 2114 Festungen,
698 2084 725 2104 s.

13 2118 14 2125 ¹
67 2114 124 2152 33,
143 2113 201 2155 31,
227 2116 255 2145 3.
273 2133 318 2138 -
334 2118 419 2147 tatis
443 2135 465 2139 -
486 2128 642 2155 securus,
667 2118 726 2149 der

64 2158 285 2191 Unterschied
336 2161 412 2192 tritt
460 2162 531 2193 hier
581 2163 726 2195 deutlich

14 2196 15 2216 ³
64 2204 198 2235 hel-vor.

110 2249 197 2280 8-9.
222 2249 352 2291 fefellit
370 2255 450 2289 etc„
469 2251 634 2292 obgleich,
660 2253 724 2284 wie

14 2333 16 2336 Α
237 2313 257 2316 -
293 2298 453 2335 qnantum
489 2314 510 2318 —
544 2298 588 2327 sit
627 2298 724 2338 zeigt,

15 2368 16 2382 ἶ
63 2337 146 2369 Phil.
172 2338 223 2369 die
247 2345 431 2379 genannten
454 2339 640 2381 Festungen
665 2343 724 2374 deu

63 2382 217 2414 Ach'ziern
240 2390 461 2416 anvertrauen
485 2386 571 2422 will,
601 2398 636 2417 so
662 2389 720 2418 sah

63 2437 135 2459 man
154 2429 246 2467 doch,
264 2430 338 2460 dass
357 2440 393 2460 er
411 2441 472 2461 nur
490 2430 542 2461 die
560 2431 592 2461 in
609 2434 647 2462 ut
664 2433 720 2463 ob-

64 2472 170 2504 sidem
177 2478 238 2505 etc.
249 2474 457 2507 bezeicliuete
467 2475 605 2507 Absicht
617 2477 719 2516 hatte,

64 2526 90 2548 s.
114 2517 231 2550 Flathe
250 2519 284 2559 2,
303 2519 377 2551 245.
401 2538 444 2543 —
468 2520 616 2552 obsidem
638 2537 659 2548 =
681 2525 719 2553 ut

803 1446 913 1488 inliga,
939 1446 1167 1485 verstricken,
1192 1456 1217 1476 s.
1244 1446 1302 1487 32,
1327 1446 1386 1485 22,
1408 1446 1466 1484 113

802 1491 860 1532 45,
887 1492 944 1528 25,
968 1492 987 1522 9
1012 1502 1042 1522 u.
1070 1489 1135 1528 oft3
1160 1491 1212 1521 die
1236 1490 1386 1531 Achiier,
1410 1491 1467 1522 ob-

802 1536 909 1576 glcich
933 1537 965 1566 in
990 1535 1172 1567 vielfacher
1188 1536 1377 1577 Beziehung
1401 1546 1466 1567 von

802 1580 928 1612 Maced,
948 1581 1127 1622 ahh'zingig,
1147 1591 1172 1611 s.
1192 1581 1245 1620 32,
1265 1582 1294 1622 5,
1313 1582 1344 1618 4,
1362 1581 1466 1611 konn-

800 1630 855 1656 ten
888 1626 958 1656 also
993 1626 1136 1656 dai-iiber
1168 1625 1240 1656 eine
1272 1624 1354 1656 freie
1383 1625 1466 1657 Ent-

803 1670 1008 1710 schliessung
1022 1669 1142 1711 fassen,
1162 1670 1214 1707 32,
1234 1670 1327 1709 19ff.‚
1346 1670 1466 1701 Hertz-

803 1715 883 1755 bcrg
903 1715 930 1755 1,
948 1714 1001 1746 48.
1020 1733 1063 1737 —
1080 1715 1116 1745 id
1131 1714 1240 1755 qnid,
1258 1715 1318 1745 der
1335 1713 1465 1755 Gegen-

802 1765 874 1791 satz
892 1759 975 1791 dazu
992 1759 1073 1799 liegt
1087 1759 1262 1800 eigentlich
1281 1759 1312 1790 in
1331 1759 1464 1791 decreto

799 1805 911 1845 facto,
947 1804 1092 1835 wele-her
1121 1804 1225 1835 durch
1254 1803 1290 1834 z'd
1314 1804 1413 1835 modo
1444 1823 1465 1827 —

799 1852 911 1880 essent
930 1860 991 1880 nur
1004 1849 1212 1880 vorbcreitet
1225 1849 1319 1879 wird.
1339 1866 1384 1871 —
1398 1859 1462 1880 non

799 1893 899 1925 licere
924 1898 987 1924 etc.
1014 1904 1038 1924 s.
1059 1893 1116 1934 39,
1136 1894 1194 1934 33,
1214 1894 1248 1935 7,
1273 1893 1389 1936 Polyb.
1409 1894 1462 1933 23,

802 1939 853 1969 12.
879 1957 923 1961 —-
946 1939 1082 1980 referre
1107 1949 1137 1969 n.
1158 1941 1355 1981 praetorem
1385 1939 1464 1970 oder

798 1986 1041 2025 magistratus,
1066 1994 1093 2014 s.
1119 1984 1177 2023 32,
1202 1983 1261 2023 20,
1285 1984 1321 2024 4,
1346 1984 1409 2015 wie
1432 1984 1463 2015 in

800 2028 881 2059 Rom
904 2028 955 2059 die
980 2027 1176 2069 Magistrate
1200 2028 1242 2059 ini
1267 2028 1405 2067 Senate,
1436 2039 1461 2059 s.

800 2073 853 2111 26,
872 2073 924 2114 28,
947 2074 972 2104 1.

849 2119 976 2150 10-11.
1005 2117 1138 2149 decreto
1161 2118 1207 2159 Ῐὶ,
1238 2127 1275 2148 er
1303 2118 1383 2149 liess
1405 2117 1462 2148 ab-

798 2162 950 2194 stimmen
973 2163 1035 2193 und
1061 2164 1122 2193 den
1141 2163 1317 2194 Beschluss
1342 2161 1461 2201 sussen,

801 2208 865 2248 vgl.
879 2208 999 2248 jedoch
1018 2208 1069 2249 32,
1087 2208 1140 2245 22,
1160 2207 1229 2245 3f.;
1249 2208 1279 2238 9.
1300 2226 1342 2229 —
1358 2207 1462 2248 forti—

798 2255 867 2289 ter,
901 2253 958 2284 mit
981 2253 1139 2293 Energie,
1174 2254 1256 2283 ohne
1291 2252 1361 2282 sich
1393 2252 1462 2283 ein-

799 2298 995 2329 schiichtern
1015 2308 1056 2328 zu
1080 2298 1210 2332 lassen;
1234 2297 1353 2337 libere,
1378 2297 1460 2327 ohne

800 2343 889 2373 scine
912 2342 1229 2383 selbststandigkeit
1257 2352 1297 2372 zu
1327 2340 1459 2382 opfern3

799 2387 906 2419 dieses
932 2388 1014 2419 wird
1040 2388 1121 2417 noch
1145 2387 1329 2427 gesteigert
1357 2387 1460 2417 durch

792 2432 852 2464 den
877 2432 1023 2464 Zusatz:
1056 2434 1145 2463 intel·
1169 2451 1190 2453 —
1211 2432 1360 2472 habitus,
1390 2432 1458 2471 vgl.

793 2477 845 2518 32,
864 2477 916 2518 32,
939 2478 988 2508 10.
1008 2496 1050 2499 ——
1068 2476 1196 2507 adserit.
1218 2486 1303 2518 regu,
1320 2476 1383 2507 wie
1403 2477 1455 2515 39,

793 2522 854 2560 27,
879 2522 977 2553 8.-
998 2532 1056 2564 spe
1079 2522 1169 2563 dep„
1195 2532 1220 2552 S.
1246 2522 1304 2562 41,
1325 2522 1382 2561 23,
1405 2521 1455 2559 13,
