1715 2723
178 93 235 135 54
595 91 720 124 LIBER
746 91 895 124 xxxv.
928 90 1019 123 CAP.
1049 92 1100 124 33.
1127 92 1178 124 34.

1438 96 1464 114 a.
1485 96 1514 114 u.
1535 87 1600 114 562..

182 204 219 236 et
249 196 428 247 quotiens
459 194 505 232 ab
537 194 582 232 iis
600 194 695 232 fides
723 199 826 232 mota
846 193 1013 231 foederis
1035 197 1155 239 esset,
1185 204 1305 243 pauca
1324 193 1371 231 de
1393 193 1477 231 iure
1500 192 1596 230 civi-

144 267 162 297 5
182 254 334 299 tatium,
360 252 406 289 de
427 250 568 300 quibus
590 250 860 301 ambigeretur,
882 249 1083 288 disseruit:
1104 249 1136 287 si
1159 249 1252 299 quid
1272 254 1401 287 tamen
1423 248 1535 298 aequi
1555 260 1597 286 se

182 309 323 348 habere
354 307 644 353 arbitrarentur,
675 312 819 356 quanto
841 318 923 344 esse
945 306 1061 344 satius
1087 306 1251 344 Romam
1274 305 1422 343 mittere
1440 305 1598 355 legatos,

143 374 162 404 6
184 378 252 404 5611
283 364 496 413 disceptare
527 375 595 401 seu
615 374 750 413 rogare
771 368 948 400 senatum
971 362 1137 407 mallent,
1169 373 1286 411 quam
1306 361 1495 412 populum
1514 361 1597 399 Ro-

184 432 342 460 manum
375 431 464 458 cum
486 419 675 458 Antiocho
706 419 850 457 lanistis
873 419 1015 457 Aetolis
1036 430 1116 456 non
1138 417 1219 455 sine
1241 429 1379 468 magno
1401 422 1509 455 motu
1530 428 1598 467 ge-

183 477 288 516 neris
310 475 471 514 humani
493 481 529 514 et
548 475 716 526 pernicie
740 475 917 513 Graeciae
939 472 1150 512 dimicare?
1181 485 1253 511 nec
1273 473 1371 511 ullos
1391 473 1499 523 prius
1520 473 1598 510 cla-

145 536 162 567 7
184 534 272 572 dem
303 533 385 571 eius
414 532 500 570 belli
526 544 723 577 sensuros,
751 543 866 581 quam
898 532 965 581 qui
985 531 1208 569 movissent.
1246 530 1340 568 haec
1360 529 1598 579 nequiquam

184 590 289 628 velut
309 589 534 627 vaticinatus
556 589 768 627 Romanus.
801 588 928 625 Thoas
950 587 1087 625 deinde
1101 586 1294 635 ceterique
1304 585 1480 624 factionis
1493 585 1598 623 eius-

145 654 164 686 8
185 646 273 685 dem
305 657 394 683 cum
426 645 591 683 adsensu
621 645 796 682 omnimn
818 644 932 682 auditi
955 643 1213 694 pervicerunt,
1244 648 1286 680 ut
1306 654 1354 680 116
1375 641 1488 680 dilato
1510 641 1606 691 qui-

185 702 274 740 dem
305 701 467 739 concilio
491 707 527 739 et
547 700 769 739 absentibus
790 700 974 739 Romanis
998 700 1196 738 decretum
1218 699 1336 745 fieret,
1366 709 1444 748 quo
1468 709 1600 735 accer-

185 764 334 797 seretur
353 758 566 796 Antiochus
599 757 644 795 ad
665 757 901 794 liberandam
925 756 1122 794 Graeciam
1144 754 1517 805 disceptandumque
1536 753 1599 791 in-

146 826 165 857 9
187 821 241 854 ter
262 815 418 853 Aetolos
450 819 485 852 et
504 815 714 852 Romanos.
754 813 844 850 huic
875 818 950 850 tam
973 812 1142 862 superbo
1168 811 1320 849 decreto
1343 810 1487 849 addidit
1506 821 1601 860 pro-

185 871 308 922 priam
335 870 607 908 contumeliam
629 869 872 906 Damocritus
894 874 1048 918 praetor
1069 879 1226 906 eornm:
1256 879 1346 905 nam
1368 878 1457 904 611111
1479 866 1518 904 111
1538 865 1600 915 ip-

185 939 272 965 sum
302 927 500 964 decretum
531 930 708 975 posceret
733 937 823 962 eum
845 924 1060 971 Quinctius,
1091 935 1171 961 non
1202 923 1345 961 veritus
1368 922 1603 960 maiestatem

124 994 166 1026 10
185 983 258 1021 viri
278 982 379 1020 aliud
402 982 441 1019 in
465 981 691 1031 praesentia,
723 980 828 1031 quod
851 980 970 1030 magis
991 981 1161 1024 instaret,
1181 978 1505 1029 praevertendum
1529 977 1602 1015 sibi

186 1051 269 1077 esse
294 1038 405 1083 dixin
438 1038 634 1075 decretum
667 1048 980 1086 responsumque
1010 1036 1049 1073 111
1070 1035 1173 1074 Italia
1202 1035 1310 1073 brevi
1332 1034 1462 1073 castris
1484 1045 1603 1084 super

126 1098 163 1130 11
186 1096 310 1145 ripam
334 1094 484 1132 Tiberis
516 1094 649 1144 positis
682 1093 884 1131 daturum:
915 1098 1043 1130 tantus
1075 1094 1186 1130 furor
1215 1092 1277 1129 illo
1308 1097 1482 1141 tempore
1505 1102 1604 1140 gen-

186 1158 265 1190 tem
296 1151 533 1195 Aetolorum,
563 1156 688 1188 tantus
720 1149 962 1199 magistratus
995 1161 1132 1186 eorum
1165 1148 1274 1198 cepit.

109 1204 167 1244 34

185 1328 386 1369 sammlung,
429 1339 456 1362 6.
493 1329 553 1364 38,
593 1330 622 1360 4.
649 1345 692 1349 ——-
717 1330 859 1368 quotiens

176 1377 239 1415 fid.
257 1386 309 1413 m„
320 1374 482 1405 wankend
493 1374 652 1414 gemacht,
663 1373 859 1415 gebrechen,

185 1430 211 1451 6.
246 1421 307 1455 42,
351 1421 388 1455 6:
427 1429 485 1450 zur
517 1417 621 1450 8116116
662 1429 688 1449 6.
725 1419 784 1459 32,
820 1420 858 1457 63

186 1466 246 1504 31,
274 1466 335 1497 31,
369 1466 425 1498 18:
463 1465 523 1496 33,
558 1464 614 1499 13,
647 1465 704 1496 11:
730 1466 859 1505 civitat„

185 1510 236 1541 die
261 1520 302 1541 an
320 1510 378 1540 der
394 1510 520 1540 lctzteu
538 1509 640 1540 Stelle
662 1513 858 1549 genannten,

184 1555 252 1596 vgl.
279 1557 332 1595 34,
358 1556 411 1587 23.
428 1572 472 1576 -
497 1557 638 1594 Romam,
664 1565 688 1584 xx
699 1564 734 1585 as
759 1555 859 1585 sehon

186 1601 268 1631 ohne
293 1598 409 1640 Erfolg
436 1600 620 1639 gescheben
644 1610 726 1633 war.
751 1610 775 1630 5.
805 1600 857 1638 33,

184 1646 238 1678 49.
257 1662 297 1667 —
320 1648 456 1684 discept„
483 1645 546 1676 wie
569 1656 594 1675 6.
615 1646 668 1683 32,
700 1646 749 1679 14,
776 1645 859 1675 1111611

186 1691 267 1721 dazu
293 1690 336 1721 ist
360 1696 484 1722 senatus
509 1690 542 1720 in
567 1690 743 1731 passeuder
760 1689 859 1720 Form

186 1746 226 1766 zu
252 1735 387 1767 denken.
413 1753 457 1757 -—
483 1738 586 1767 laniat.
613 1737 699 1775 Aet„
728 1745 763 1765 so
784 1735 859 1765 dass

184 1798 228 1803 -
246 1781 370 1820 wiiren,
397 1780 463 1821 vgl.
485 1783 538 1815 28,
565 1782 619 1819 21,
646 1782 684 1819 23
711 1779 858 1811 11166111-

185 1825 449 1857 diatorenhalter
466 1826 601 1857 stellteu
618 1825 669 1857 1116
689 1825 859 1856 einzelnen

186 1870 503 1912 Gladiatorenpaare
539 1881 610 1902 zum
640 1869 775 1912 Hampfe
800 1881 859 1901 zu—

185 1926 345 1953 sammeng
383 1916 448 1947 Cic.
482 1915 565 1947 Phil.
605 1918 662 1953 13,
706 1917 762 1956 19,
800 1918 860 1949 40:

186 1963 265 1993 duces
290 1964 369 1993 {teies
395 1963 510 1993 Zam'sta
538 1964 682 1993 Cicerone
708 1963 859 1993 dimican-

185 2013 240 2038 tes.
265 2024 309 2029 —
331 2006 400 2048 θοὴ.
425 2009 528 2044 lcum„
556 2008 609 2043 34,
638 2009 691 2045 59,
718 2008 755 2039 6;
798 2017 859 2047 quo

185 2054 302 2083 decreto
347 2053 509 2083 turbaturi
554 2054 655 2083 orbem
700 2058 860 2084 terrarum

185 2104 293 2130 essem.
317 2114 362 2118 —
379 2100 515 2136 peruia,
542 2097 607 2137 vgl.
634 2099 686 2138 34,
716 2099 770 2132 49,
796 2099 826 2130 2.

234 2143 353 2175 7—10.
390 2144 471 2174 relect
503 2145 612 2177 vatia,
651 2143 708 2173 der
743 2141 860 2183 Erfolg

185 2186 378 2227 besttitigte,
403 2197 473 2218 was
499 2197 535 2218 er
560 2192 675 2228 gesagt
702 2189 805 2229 hatte,
834 2198 859 2219 5.

186 2233 248 2268 36,
275 2234 335 2269 35,
362 2234 401 2273 4,
426 2232 493 2273 vgl.
521 2234 581 2271 34,
609 2235 794 2271 51),1.-
822 2244 861 2264 we

185 2279 239 2309 dil.
265 2280 364 2318 quid„
391 2278 474 2309 ohne
499 2276 780 2318 Unterbrechnng,
807 2288 859 2308 um

186 2323 246 2354 den
266 2322 438 2354 Beschluss
464 2326 532 2354 erst
556 2323 639 2354 nach
656 2322 861 2363 Entfernung

186 2369 244 2399 der
281 2367 467 2400 Gesandten
504 2379 543 2399 zu
581 2368 707 2407 fassen3
744 2374 771 2399 et
795 2370 858 2401 aba.

185 2413 251 2443 und
275 2424 322 2450 so,
349 2413 423 2444 111155
443 2431 486 2435 -
512 2413 637 2454 wiiren,
663 2413 800 2444 sondern
827 2413 859 2443 in

186 2457 275 2489 ihrer
286 2457 498 2499 Gegenwart,
510 2459 631 2490 nabere
642 2458 861 2499 Bestimmung

186 2502 242 2534 des
268 2503 485 2544 Vorhergeh„
512 2504 613 2535 daher
633 2503 725 2534 nieht
742 2510 860 2535 aut.—

301 1207 503 1254 Quinctius
523 1206 711 1256 legatique
731 1205 960 1244 Corinthum
984 1205 1192 1243 redierunt.
1232 1204 1333 1249 inde,
1364 1209 1406 1242 ut
1427 1214 1605 1253 quaeque

929 1329 1182 1366 dz'seewtamlmn,
1233 1336 1268 1357 so
1309 1324 1360 1356 die
1385 1324 1493 1356 Bamh.
1535 1324 1604 1362 Η5.,

929 1373 1048 1404 andere
1066 1372 1172 1403 haben
1189 1373 1402 1412 disceptatum,
1428 1380 1499 1402 was
1519 1370 1604 1401 auch

928 1417 1019 1448 nicht
1055 1427 1158 1458 gegen
1198 1415 1251 1448 Ls⁷
1283 1415 1457 1447 Gebrauch
1495 1415 1603 1455 w'are,

928 1463 993 1503 vgl.
1020 1464 1074 1502 29,
1101 1463 1154 1500 28,
1184 1463 1240 1501 1ος
1267 1463 1320 1501 34,
1340 1462 1393 1501 62,
1421 1463 1457 1500 5ς
1481 1463 1609 1500 discep-

929 1515 1012 1542 tare,
1041 1507 1302 1538 Schiedsrichter
1323 1506 1410 1545 sein,
1445 1516 1469 1538 5,
1496 1516 1522 1537 6.
1550 1508 1602 1544 17,

929 1556 959 1590 2,
979 1553 1021 1584 ist
1039 1553 1129 1583 nicht
1147 1553 1229 1584 ohne
1249 1551 1356 1583 lronie
1376 1552 1409 1582 in
1420 1552 1527 1591 Bezug
1544 1549 1608 1582 auf

929 1597 949 1640 ξ
965 1601 983 1631 5
999 1602 1124 1639 gesagt.
1136 1616 1175 1620 —
1190 1608 1315 1637 propr„
1331 1607 1394 1628 von
1409 1596 1476 1628 ihm
1491 1596 1603 1635 allein,

928 1643 1114 1685 perstinlich
1150 1643 1347 1683 ausgehend.
1378 1659 1423 1664 —-
1454 1644 1604 1674 Damocr.

929 1689 973 1720 ist
1006 1699 1080 1720 vom
1105 1687 1224 1719 Herbst
1254 1688 1315 1720 193
1342 1686 1389 1718 bis
1418 1688 1480 1720 192
1505 1686 1604 1718 Stra-

928 1738 993 1774 teg.
1023 1745 1130 1766 eorum
1151 1733 1195 1765 ist
1214 1743 1304 1764 zwar
1325 1733 1407 1764 ohne
1419 1731 1604 1764 bestimmte

931 1779 1127 1819 Beziehung,
1143 1779 1222 1810 aber
1237 1789 1295 1810 aus
1308 1779 1379 1810 dem
1391 1777 1602 1809 Zusammen-

929 1826 1026 1865 hang,
1054 1825 1094 1855 da
1119 1824 1178 1855 das
1195 1826 1351 1856 decretum
1365 1833 1430 1854 von
1450 1823 1511 1854 1166
1528 1823 1604 1854 Α6-

930 1870 1076 1902 tolern
1101 1868 1225 1910 gefasst
1250 1869 1351 1910 wird,
1377 1868 1506 1909 ergiebt
1535 1868 1606 1899 sich

932 1915 1087 1951 1116561116,
1113 1915 1180 1955 vgl.
1207 1916 1267 1954 32,
1294 1916 1347 1955 37,
1375 1915 1404 1946 3.
1431 1932 1473 1936 —
1497 1915 1534 1945 id
1558 1930 1603 1936 —-

928 1962 1070 2000 poscebat
1094 1971 1181 1999 eum,
1210 1962 1247 1999 7,
1273 1960 1333 1999 32,
1359 1961 1400 1998 43
1426 1960 1488 1999 28,
1516 1961 1546 1999 5,
1573 1961 1602 1991 6.

928 2025 972 2028 —
1004 2008 1086 2044 viri,
1118 2007 1179 2045 33,
1210 2007 1268 2046 11,
1295 2006 1385 2037 7.-
1413 2015 1491 2045 may.
1517 2006 1605 2043 ime„

931 2051 1129 2092 dringender
1153 2050 1210 2082 sei.
1228 2069 1270 2074 —
1294 2055 1461 2089 praevertt„
1488 2050 1520 2089 9,
1549 2051 1601 2088 17,

930 2099 968 2135 9·,
1006 2098 1058 2136 36,
1091 2097 1144 2135 27,
1174 2097 1203 2129 3.
1228 2113 1273 2117 -
1299 2106 1366 2134 sup.
1393 2097 1467 2134 rip„
1494 2104 1520 2125 6.
1547 2096 1601 2133 28,

931 2144 973 2181 753
1006 2152 1064 2173 zur
1090 2141 1193 2173 Sache
1221 2142 1274 2181 36,
1302 2141 1356 2180 24,
1386 2141 1435 2173 12.
1452 2158 1490 2162 --
1513 2146 1605 2181 mm„

929 2186 1032 2229 praef.
1064 2188 1117 2220 1¹.

977 2229 1045 2268 34.
1067 2231 1169 2263 Pl'ane
1187 2232 1244 2263 der
1260 2230 1406 2262 Aetoler.
1419 2230 1604 2270 Besetzung

931 2288 996 2309 von
1024 2277 1220 2309 Demetrias.

981 2324 1076 2356 1—2.
1102 2325 1239 2364 leyatz‘q„
1255 2321 1321 2353 und
1342 2320 1393 2352 die
1414 2319 1552 2360 iibrigen
1570 2330 1603 2351 u.

930 2379 954 2400 5.
977 2378 1028 2407 w.,
1056 2378 1081 2400 6.
1101 2369 1155 2406 37,
1182 2370 1221 2408 43
1247 2368 1301 2407 44,
1327 2368 1361 2406 13
1391 2367 1441 2405 10,
1462 2366 1515 2404 24,
1543 2366 1602 2403 163

931 2414 1049 2445 anders
1074 2424 1101 2444 6.
1131 2415 1191 2453 31,
1241 2414 1291 2445 15.
1317 2428 1355 2433 -
1385 2412 1457 2442 inde
1480 2427 1523 2432 —
1542 2421 1605 2449 per

929 2470 969 2493 se,
999 2459 1050 2490 die
1078 2458 1181 2490 Stelle
1198 2457 1242 2489 ist
1260 2454 1463 2496 liickenhast,
1489 2455 1530 2486 da
1548 2465 1604 2486 so-

931 2504 997 2534 wol
1025 2504 1082 2535 das
1111 2502 1248 2543 Subject
1275 2512 1316 2533 zu
1340 2503 1449 2540 vider„
1474 2500 1524 2532 als
1545 2500 1605 2531 das
