1715 2723
66 137 96 156 a.
110 129 163 156 ch.
178 129 239 155 200.
521 118 648 152 LIBER
663 118 795 152 XXXI.
820 118 912 151 CAP.
932 121 963 152 6.
982 121 1012 153 7.
1419 126 1466 164 11

66 234 138 273 pro
159 234 200 260 se
220 221 384 273 quisque
411 220 569 269 hortari,
597 225 641 260 ut
661 221 707 260 de
727 220 877 272 integro
900 221 1055 260 comitia
1081 223 1271 273 rogationi
1288 224 1469 264 ferendae

67 278 234 317 ediceret
255 278 532 329 castigaretque
563 277 767 328 segnitiam
786 277 932 328 populi,
960 282 1075 328 atque
1097 279 1289 328 edoceret,
1322 286 1468 332 quanto
1499 289 1518 321 6

67 334 209 374 damno
231 334 486 385 dedecorique
508 333 638 372 dilatio
661 345 703 373 ea
725 333 813 372 belli
832 334 964 373 futura
984 339 1097 372 esset.

179 390 324 429 Consul
349 390 389 428 in
417 402 554 441 campo
581 388 719 428 Martio
741 389 919 436 comitiis,
949 390 1176 441 priusquam
1205 392 1398 431 centurias
1426 392 1468 431 in
1492 393 1517 431 7

65 446 291 497 suffragium
313 447 497 493 mitteret,
521 445 704 484 contione
733 446 917 485 advocata
944 446 1178 497 „ignorare“
1199 447 1325 497 inquit
1346 449 1470 495 „mihi
1497 453 1516 486 2

64 502 260 549 videmini,
290 502 472 549 Quirites,
502 513 595 548 non,
624 507 758 540 utrum
783 501 931 541 bellum
958 514 1006 540 an
1033 515 1166 553 pacem
1188 503 1373 550 habeatis,
1401 517 1468 543 vos

64 558 214 598 consuli
233 581 290 586 —-
309 570 436 610 neque
456 558 561 596 enim
577 558 741 597 liberum
763 558 800 596 id
822 558 931 597 vobis
947 558 1149 610 Philippus
1169 560 1381 610 permittet,
1403 560 1469 611 qui

63 619 167 654 terra
194 614 369 666 marique
396 615 531 665 ingens
557 614 703 653 bellum
729 615 890 653 molitur
916 638 984 662 ——,
1014 616 1093 662 sed,
1123 620 1256 654 utrum
1282 616 1323 654 in
1342 615 1469 655 Mace-

63 670 220 709 doniam
253 671 421 721 legiones
450 671 735 721 transponens,
771 683 821 709 an
855 671 987 710 hostes
1014 670 1054 709 in
1081 671 1231 710 Italiam
1260 672 1466 722 accipiatis.

61 727 137 765 hoc
157 731 347 778 quantum
368 726 532 773 intersit,
563 727 596 765 si
624 739 839 778 numquam
868 727 971 774 alias,
993 728 1172 779 proximo
1195 733 1297 767 certe
1319 728 1466 767 Punico
1497 736 1516 768 3

60 782 161 821 bello
192 783 338 834 experti
367 783 472 822 estis.
515 783 601 834 quis
630 784 735 822 enim
765 783 928 830 dubitat,
960 784 1065 835 quin,
1097 784 1129 822 si
1147 784 1368 834 Saguntinis
1396 784 1468 823 ob-

61 839 176 878 sessis
198 839 391 890 fidemque
412 844 588 878 nostram
610 840 893 891 inplorantibus
922 840 1068 891 inpigre
1090 840 1314 879 tulissemus
1337 853 1465 891 opem,

58 895 160 934 sicut
179 900 308 946 patres
324 896 446 935 nostri
459 895 697 934 Mamertinis
713 897 893 943 tulerant,
915 901 1045 935 totum
1061 896 1100 934 in
1116 897 1341 947 Hispaniam
1357 909 1466 936 aver-

58 952 140 990 suri
160 951 305 990 bellum
324 952 529 997 fuerimus,
552 953 656 1002 quod
678 953 896 991 cunctando
919 965 1008 991 cum
1031 965 1185 991 summa
1207 952 1313 991 clade
1334 957 1466 991 nostra

59 1007 100 1045 in
119 1007 267 1045 Italiam
296 1005 547 1058 accepimus?
577 1019 625 1046 ne
653 1008 746 1046 illud
777 1008 933 1059 quidem
961 1008 1122 1047 dubium
1146 1013 1216 1054 est,
1248 1009 1342 1059 quin
1362 1009 1467 1048 hunc
1494 1016 1515 1048 4

59 1063 184 1114 ipsum
203 1063 437 1113 Philippum,
456 1068 612 1114 pactum
629 1064 706 1102 iam
722 1076 792 1114 per
807 1064 952 1114 legatos
969 1065 1193 1114 litterasque
1210 1077 1300 1103 cum
1316 1064 1464 1103 Hanni-

57 1118 155 1164 bale,
178 1123 222 1156 ut
242 1119 282 1157 in
301 1119 450 1157 Italiam
473 1119 662 1165 traiceret,
685 1120 806 1158 misso
829 1133 918 1158 cum
935 1120 1055 1158 classe
1070 1120 1248 1167 Laevino,
1271 1121 1338 1171 qui
1359 1120 1463 1159 ultro

58 1175 93 1213 ei
119 1174 264 1213 bellum
293 1174 465 1219 inferret,
493 1175 532 1213 in
559 1175 782 1214 Macedonia
809 1176 1130 1215 continuerimus.
1169 1181 1208 1214 et
1236 1177 1341 1227 quod
1370 1181 1464 1216 tunc
1493 1185 1512 1216 5

56 1231 231 1277 fecimus,
255 1243 345 1270 cum
366 1232 520 1270 hostem
542 1231 796 1270 Hannibalem
825 1232 865 1270 in
886 1232 992 1270 Italia
1019 1232 1263 1279 haberemus,
1294 1232 1331 1270 id
1358 1244 1464 1272 nunc

57 1325 150 1353 nates
167 1321 200 1352 in
217 1321 328 1352 dieser
340 1320 415 1353 Zeit
432 1322 538 1352 selten
555 1321 610 1362 ist,
629 1332 654 1352 5.
670 1321 724 1362 21,

57 1366 118 1406 613
136 1366 189 1407 22,
208 1366 262 1406 34,
281 1366 347 1407 vgl.
366 1367 397 1408 9,
416 1366 470 1406 33,
488 1367 520 1398 3.
538 1384 582 1389 -——-
598 1368 722 1408 segvzz't.

794 1323 926 1354 Andere
951 1323 1123 1363 geschehe.
1146 1341 1189 1345 ——-
1214 1324 1246 1353 εἰ
1264 1333 1377 1365 namq.
1400 1323 1461 1354 ab:

793 1367 845 1399 ich
863 1367 935 1398 will
952 1368 1013 1399 den
1031 1367 1105 1399 Fall
1125 1372 1249 1409 setzen,
1273 1368 1350 1399 dass
1369 1372 1464 1400 sonst

56 1411 188 1443 bezieht
216 1411 286 1442 sich
315 1410 374 1443 auf
398 1410 419 1452 ξ
443 1412 462 1442 3
492 1411 652 1443 taedium.
680 1430 724 1435 —

55 1456 187 1488 edocer.
216 1468 245 1487 n.
274 1467 363 1488 eum.
409 1456 476 1488 Der
500 1457 624 1488 Consul
645 1457 723 1488 heht

56 1502 89 1533 in
112 1502 172 1532 der
194 1500 275 1542 folg.
298 1501 386 1533 Rede
412 1502 503 1533 mehr
525 1502 577 1533 die
598 1501 723 1533 Gefahr

56 1545 110 1578 fiir
126 1545 208 1577 Rom
223 1547 357 1586 hervor,
375 1557 402 1578 5.
422 1558 450 1578 c.
468 1547 498 1588 3,
517 1546 547 1577 6.

101 1586 141 1624 7.
173 1593 327 1632 comitiis,
346 1602 373 1623 s.
392 1602 420 1622 c.
435 1592 490 1632 50,
509 1591 545 1629 63
565 1591 617 1632 32,
638 1593 667 1632 1,
686 1592 722 1622 9;

54 1635 206 1675 Latinis3
230 1636 260 1677 8,
287 1637 337 1676 13,
364 1636 413 1667 10.
432 1654 477 1658 —
493 1637 526 1666 in
544 1637 646 1678 suffr.
665 1647 722 1678 771„

57 1691 84 1712 5.
114 1681 135 1722 ξ
162 1681 212 1711 14.
243 1698 287 1702 -
316 1682 467 1720 σοιιῐίοη.,
497 1681 558 1711 ehe
580 1681 632 1711 die
654 1681 722 1711 Ab—

56 1726 234 1765 stimmung
251 1723 385 1765 erfolgt,
401 1725 485 1755 wird
504 1726 584 1756 nach
598 1724 722 1767 Opfern

56 1771 122 1802 und
140 1768 305 1809 Gebeten,
329 1780 354 1800 s.
373 1770 426 1809 39,
446 1770 498 1807 35,
520 1771 547 1809 1,
568 1772 724 1811 gewo‘hn-

54 1815 123 1847 lich
140 1818 211 1846 erst
227 1814 299 1845 eine
316 1816 426 1845 contio
444 1815 608 1855 gehalteu,
627 1826 654 1846 s.
673 1816 723 1855 10,

55 1860 111 1900 21,
137 1859 195 1897 133
221 1858 274 1898 34,
304 1859 382 1898 2ff.;
415 1858 482 1890 Cic.
505 1859 604 1900 Legg.
632 1860 663 1900 3,
692 1862 722 1902 4,

60 1905 115 1936 11:
136 1915 207 1936 rem
221 1903 383 1947 populum
401 1903 555 1947 docento,
573 1905 688 1936 docem*
702 1916 723 1936 a

54 1950 319 1992 magistratibus
331 1951 539 1991 privatisque
552 1952 721 1993 patianto.

101 1995 134 2026 2.
166 1994 228 2025 Die
252 1994 420 2025 Offensive
448 2004 552 2035 gcgen
576 1995 657 2026 Phil.
682 2007 723 2026 zu

56 2038 222 2081 ergreifen
236 2039 281 2070 ist
294 2040 515 2081 nothwendig,
530 2045 624 2072 sonst
633 2051 722 2072 muss

56 2084 116 2115 der
139 2082 244 2123 Hrieg
272 2084 305 2115 in
328 2083 444 2116 Italien
473 2084 606 2126 gefuhrt
634 2096 722 2117 wer-

55 2129 130 2161 den.
143 2147 188 2152 —-
199 2129 364 2169 habeatis,
381 2130 484 2161 haben
498 2131 605 2171 wollt,
623 2131 723 2162 eben—

56 2185 95 2206 so
121 2174 173 2206 die
195 2173 275 2214 solg.
294 2177 554 2217 transportatis,
576 2178 723 2219 accipia-

56 2221 112 2251 tz's.
143 2237 186 2242 -
214 2219 358 2260 consuli,
388 2221 424 2261 6,
454 2220 511 2261 39,
542 2221 572 2253 2.
596 2240 639 2244 —-
667 2223 726 2263 qui

55 2267 152 2297 terra
169 2269 245 2303 etc,
263 2275 290 2295 5.
309 2275 336 2295 c.
356 2265 386 2305 3,
405 2265 435 2295 5.

104 2309 180 2340 3-5.
214 2310 279 2340 Der
297 2307 402 2349 Rrieg
425 2310 455 2340 in
472 2308 591 2341 Italien
609 2311 653 2342 ist
670 2309 723 2342 fiir

57 2353 156 2395 Rom,
189 2354 254 2385 wie
286 2355 339 2385 die
372 2353 562 2395 Erfahrung
595 2356 724 2396 gezeigt

57 2399 125 2440 hat,
142 2398 376 2442 gef‘zihrlicher,
401 2400 467 2441 vgl.
487 2400 539 2439 34,
559 2400 612 2441 60,
630 2402 661 2432 4.
680 2420 724 2425 —

57 2444 118 2475 hoc
141 2447 254 2486 quant.
279 2446 358 2483 int.,
382 2455 451 2476 was
476 2446 535 2476 das
557 2444 610 2476 ffii·
629 2446 723 2477 einen

58 2488 275 2520 Unterschied
293 2491 422 2530 macha,
443 2490 506 2521 wic
524 2491 589 2521 viel
607 2489 729 2522 darauf

58 2533 245 2576 ankomme,
268 2535 345 2567 dass
362 2536 420 2567 das
439 2535 538 2575 Eine,
559 2536 649 2568 nicht
664 2536 723 2567 das

792 1413 930 1444 niemals
948 1424 980 1444 u.
999 1424 1027 1444 s.
1044 1423 1103 1452 w.;
1122 1418 1226 1444 etwas
1244 1413 1463 1445 verschieden

792 1458 883 1489 wiire
901 1459 933 1488 si
947 1469 1119 1499 amquam,
1138 1458 1281 1489 welches
1300 1458 1350 1489 die
1369 1458 1463 1499 Mog-

790 1503 930 1534 lichkeit
947 1502 1111 1542 aufstellt,
1136 1503 1213 1534 dass
1231 1513 1266 1534 es
1285 1503 1462 1535 mehr-mals

794 1549 978 1588 geschehen
1002 1549 1061 1588 sei,
1091 1559 1116 1579 5.
1145 1548 1198 1587 32,
1230 1549 1259 1587 5,
1286 1548 1323 1587 8;
1354 1548 1385 1587 6,
1408 1548 1464 1588 42,

796 1593 853 1628 12;
871 1604 911 1623 zu
934 1594 960 1633 1,
979 1593 1033 1633 28,
1052 1594 1089 1632 43
1108 1596 1186 1624 ante
1204 1593 1326 1624 konnte
1344 1592 1465 1633 fehlen,

795 1638 863 1678 vgl.
881 1638 950 1669 Cic.
968 1638 1041 1670 Att.
1058 1639 1089 1677 4,
1104 1638 1133 1678 2,
1149 1639 1182 1669 2:
1208 1640 1239 1669 si
1252 1649 1413 1679 umquam
1429 1641 1464 1670 in

795 1682 933 1714 dicendo
947 1683 1083 1724 salmas
1095 1682 1232 1723 aliquid,
1250 1686 1311 1713 aab
1322 1685 1356 1713 εἰ
1364 1694 1462 1714 num-

796 1738 896 1768 quam
918 1727 1004 1758 allas
1026 1728 1177 1769 salutas,
1201 1729 1272 1757 tam
1292 1728 1463 1769 profecto,

796 1772 833 1803 L.
853 1773 883 1812 8,
902 1772 933 1811 6,
955 1773 1011 1804 14;
1035 1774 1067 1803 315
1082 1771 1212 1813 qnando
1230 1782 1401 1813 umquam.
1419 1791 1463 1796 —

795 1820 885 1849 certe
905 1818 970 1848 wie
989 1818 1042 1848 bei
1061 1819 1167 1858 sinon,
1188 1827 1214 1848 s.
1229 1816 1281 1857 22,
1301 1817 1354 1856 54,
1369 1817 1399 1848 6.
1419 1835 1464 1840 ——

795 1863 922 1893 Punico
949 1863 1039 1893 steht
1069 1862 1102 1892 in
1131 1863 1191 1892 den
1224 1861 1363 1893 meisten
1386 1861 1464 1893 Hss.

795 1917 858 1938 vor
872 1909 1033 1949 promimo
1056 1907 1121 1937 und
1144 1906 1227 1937 wird
1250 1917 1312 1937 von
1330 1906 1464 1948 Madvig

796 1951 849 1983 fiir
872 1952 925 1983 ein
944 1951 1097 1983 Glossem
1122 1952 1293 1993 gehalteu,
1317 1952 1386 1992 vgl.
1409 1952 1463 1991 26,

797 1996 850 2035 32,
875 1997 905 2028 3.
924 2015 968 2019 —
985 1999 1059 2038 qais
1083 2001 1159 2036 etc.,
1183 1997 1242 2027 der
1264 1995 1463 2028 Nachdruck

794 2042 875 2082 liegt
907 2041 967 2073 auf
994 2041 1083 2083 qaod
1113 2052 1189 2073 cam
1221 2052 1355 2073 samma
1387 2047 1463 2084 em,

795 2087 953 2118 wiihrend
975 2088 1038 2118 wir
1066 2087 1167 2118 leicht
1196 2087 1312 2118 hatten
1331 2087 1464 2118 abwen-

794 2132 855 2163 den
880 2132 1025 2172 konnen,
1047 2132 1152 2163 haben
1178 2132 1242 2162 wir
1266 2143 1294 2162 u.
1315 2143 1342 2163 s.
1361 2142 1403 2164 w.
1422 2150 1461 2155 —

795 2177 945 2210 Mamert
960 2203 968 2219 ,
986 2188 1013 2209 5.
1033 2177 1191 2208 Periocha
1211 2187 1274 2207 xw.
1293 2195 1336 2199 —
1358 2188 1399 2208 ne
1416 2176 1461 2208 ill.

795 2222 898 2263 qaid„
917 2222 1036 2254 ebenso
1056 2222 1181 2262 wenig,
1205 2221 1295 2252 fubrt
1317 2222 1368 2252 ein
1388 2222 1461 2252 Bei-

796 2268 879 2309 spiel
904 2268 961 2299 des
988 2267 1202 2308 Gcgenthcils
1226 2266 1288 2297 ein.
1323 2269 1463 2308 pactam

795 2317 871 2351 cto,
901 2323 927 2343 s.
947 2313 1000 2351 22,
1030 2314 1081 2353 52,
1108 2313 1144 2351 3,
1177 2311 1229 2351 28,
1261 2311 1313 2350 21,
1337 2313 1373 2350 53
1402 2322 1462 2343 zur

796 2358 899 2389 Saehe
923 2368 949 2388 5.
970 2357 1023 2397 23,
1048 2358 1105 2397 343
1132 2357 1183 2387 39.
1200 2374 1246 2379 *—
1261 2354 1416 2396 Laevino,
1434 2367 1460 2389 5.

797 2414 824 2434 c.
843 2403 873 2439 3,
893 2400 1270 2442 3.—-11ltr0,s.21,i,
1285 2401 1314 2432 3.
1330 2412 1463 2433 —cum

796 2448 976 2487 haberem„
1001 2458 1026 2478 S.
1044 2448 1097 2484 44,
1119 2447 1170 2487 39,
1192 2447 1227 2484 73
1253 2446 1345 2477 Caes.
1366 2447 1399 2477 B.
1420 2446 1459 2477 G.

800 2493 826 2532 1,
846 2493 899 2531 23,
924 2494 955 2530 l,
981 2492 1047 2522 Cic.
1067 2492 1105 2522 de
1123 2492 1186 2531 leg.
1206 2500 1275 2530 agr.
1295 2491 1324 2533 2,
1347 2492 1399 2531 2⁴,
1418 2492 1460 2522 64

796 2548 826 2569 u.
846 2547 889 2577 a.,
907 2547 958 2568 wo
972 2537 1024 2568 bei
1037 2540 1119 2578 tam,
1136 2546 1213 2567 cam
1225 2536 1285 2567 der
1298 2536 1462 2579 Conjunc-
