1715 2723
132 326 157 364 6

137 950 156 981 6

137 1118 155 1149 7

191 111 270 151 278

630 106 754 139 LIBER
770 107 930 141 XXXIV.
958 106 1051 140 CAP.
1069 108 1098 139 5.
1118 106 1149 138 6.

1448 125 1474 143 a.
1492 126 1517 143 u.
1534 118 1597 145 559.

189 213 238 258 si,
270 224 357 251 cum
386 210 533 249 domini
560 222 759 249 servorum
787 221 868 249 non
896 209 1094 249 fastidiant
1121 222 1268 261 preces,
1297 222 1370 251 nos
1397 214 1520 265 rogari
1548 213 1594 252 ab

190 267 364 307 honestis
384 266 539 305 feminis
560 266 847 318 indignamur.‘⁶

302 323 456 370 „Venio
478 335 582 362 nunc
602 323 649 362 ad
671 323 728 369 id,
758 323 804 361 de
827 335 903 374 quo
925 322 1061 373 agitur.
1102 322 1142 360 in
1163 334 1241 373 quo
1263 323 1403 375 duplex
1424 326 1592 364 consulis

189 380 308 419 oratio
327 380 421 418 fuit:
445 391 533 418 nam
556 384 594 418 et
616 379 739 430 legem
756 379 874 418 ullam
896 379 1054 417 omnino
1082 378 1256 430 abrogari
1284 384 1343 418 est
1362 380 1593 432 indignatus,

139 442 158 474 2
188 441 226 474 et
246 449 330 475 eam
348 435 551 487 praecipue
566 435 702 487 legem,
727 448 824 487 quae
841 435 1012 474 luxuriae
1026 434 1223 473 muliebris
1238 437 1468 476 coercendae
1482 450 1597 477 causa

188 494 260 531 lata
282 497 394 532 esset.
425 497 462 531 et
482 492 544 531 illa
560 492 778 531 communis
798 503 868 543 pro
890 491 1036 542 legibus
1058 491 1136 530 visa
1154 491 1366 531 consularis
1384 493 1506 532 oratio
1524 499 1594 538 est,

139 554 158 585 3
188 555 225 588 et
245 549 340 588 haec
360 549 542 588 adversus
562 548 751 587 luxuriam
772 548 1025 587 severissimis
1041 547 1217 586 moribus
1235 549 1503 588 conveniebat:
1521 550 1595 589 ita-

188 618 262 657 que
282 605 496 656 periculum
519 610 587 651 est,
610 605 694 649 nisi,
718 604 809 656 quid
832 605 872 643 in
893 609 1055 655 utraque
1076 616 1117 643 re
1140 603 1226 643 vani
1249 605 1310 651 sit,
1333 605 1594 652 docuerimus,

137 669 159 700 4
188 674 235 700 ne
256 662 343 713 quis
365 674 473 700 error
494 662 601 700 vobis
623 661 854 700 offundatur.
891 673 961 712 ego
983 660 1087 699 enim
1106 672 1223 711 quem
1240 661 1285 699 ad
1302 662 1464 700 modum
1481 675 1527 701 ex
1549 662 1594 701 iis

185 718 344 769 legibus,
363 730 459 768 quae
476 730 555 756 non
571 718 611 755 in
626 723 782 768 tempus
799 717 968 767 aliquod,
985 717 1052 755 sed
1070 721 1278 767 perpetuae
1295 718 1467 757 utilitatis
1481 730 1592 757 causa

186 775 225 812 in
246 779 445 812 aeternum
467 774 563 812 latae
587 778 689 817 sunt,
712 773 857 811 nullam
879 773 1056 823 abrogari
1077 772 1215 812 debere
1232 773 1367 819 fateor,
1384 774 1457 813 nisi
1475 786 1591 826 quam

138 839 156 869 5
188 836 252 869 aut
271 843 364 869 usus
387 830 559 880 coarguit
575 834 641 868 aut
657 834 779 867 status
797 829 934 879 aliquis
950 829 1005 866 rei
1022 828 1195 879 publicae
1212 829 1388 868 inutilem
1404 830 1507 876 fecit,
1525 830 1593 875 sic,

187 899 280 937 quas
307 892 486 936 tempora
507 886 634 936 aliqua
655 885 922 923 desiderarunt
940 885 1063 934 leges,
1094 885 1299 932 mortales,
1320 890 1364 924 ut
1383 886 1435 924 ita
1455 885 1594 933 dicam,

186 948 224 981 et
245 942 486 993 temporibus
506 941 599 992 ipsis
621 941 825 980 mutabiles
846 953 931 979 csse
947 940 1069 979 video.
1106 952 1203 991 quae
1223 941 1262 979 in
1283 954 1374 993 pace
1394 942 1467 981 lata
1489 946 1593 988 sunt,

184 1000 415 1050 plerumque
435 998 579 1036 bellum
602 998 770 1049 abrogat,
794 1009 890 1047 quae
912 997 951 1035 in
972 996 1084 1042 bello,
1107 1009 1192 1048 pax,
1216 1002 1259 1036 ut
1280 998 1319 1036 in
1342 999 1447 1037 navis
1468 999 1592 1038 admi-

184 1055 411 1094 nistratione
433 1055 503 1093 alia
524 1054 563 1092 in
585 1054 754 1093 secunda
775 1054 845 1092 alia
866 1053 905 1091 in
926 1053 1085 1092 adversa
1112 1058 1342 1105 tempestate
1371 1055 1459 1094 usui
1488 1062 1591 1094 sunt.

185 1111 278 1150 haec
299 1124 388 1150 cum
411 1112 460 1149 ita
482 1116 618 1149 natura
640 1111 820 1149 distincta
841 1109 929 1156 sint,
952 1122 999 1147 ex
1019 1115 1108 1148 utro
1129 1110 1285 1149 tandem
1307 1123 1448 1162 genere
1468 1124 1512 1150 ea
1533 1112 1593 1150 lex

185 1180 268 1207 esse
289 1167 456 1211 videtur,
495 1180 609 1218 quam
632 1164 895 1218 abrogamus?
923 1166 1064 1217 quippe
1094 1171 1203 1205 vetus
1229 1167 1331 1218 regia
1360 1167 1437 1212 lex,
1476 1168 1591 1206 simul

186 1315 392 1346 iiffentliches
418 1314 621 1345 Erscheiuen
653 1313 695 1344 ist
724 1314 782 1344 das
813 1323 854 1343 zu

186 1360 315 1399 tadeln,
340 1369 408 1391 was
428 1359 477 1390 sie
496 1358 583 1399 jetzt
600 1358 719 1399 gethan
736 1358 851 1389 haben.

186 1405 245 1437 Die
263 1404 417 1436 Antwort
441 1403 500 1435 auf
520 1404 600 1445 qaid
621 1403 665 1435 ist
691 1403 779 1434 nicht
796 1403 854 1434 be-

187 1450 324 1481 sonders
336 1449 569 1489 ausged1·iickt‚
585 1449 727 1480 sondern
740 1448 771 1479 in
781 1449 853 1479 dein

186 1493 263 1535 folg.
282 1495 358 1526 Salz
378 1495 407 1525 111
423 1495 482 1525 (1611
497 1493 643 1525 Worten
656 1503 717 1525 nos
735 1495 855 1535 rogari

186 1545 248 1571 etc.
284 1538 542 1580 ausgenonnnen.
581 1556 624 1561 ———
663 1539 799 1581 superb.
832 1557 853 1560 m

186 1595 298 1623 aures,
318 1586 370 1621 24,
389 1585 418 1620 ἴ),
437 1586 468 1615 5.

231 1624 270 1661 6.
293 1630 374 1660 1-6.
401 1629 462 1660 Die
481 1628 616 1659 Griinde
634 1629 691 1659 des
709 1628 851 1659 Consuls

186 1675 258 1706 sind
288 1674 378 1706 nicht
410 1674 588 1715 schlagend
601 1698 608 1711 ‚
642 1674 681 1704 da
712 1684 748 1704 61·
777 1682 854 1704 ver-

186 1720 359 1751 schiedenc
383 1719 484 1759 Dinge
510 1719 691 1750 vermischt
720 1719 785 1749 hat.
809 1736 854 1740 ——

185 1764 224 1796 de
248 1775 310 1806 quo
334 1776 402 1806 agn,
432 1765 586 1795 Antwort
617 1762 676 1794 auf
701 1774 729 1793 c,
755 1762 784 1793 3.
811 1782 853 1784 >—

187 1810 312 1852 duplefr
330 1820 390 1845 012„
411 1810 493 1840 zwei
508 1809 644 1840 Classen
665 1819 727 1839 von
743 1806 854 1839 Griin-

187 1855 260 1892 (1611,
278 1855 457 1894 Anguill’en.
474 1873 513 1876 „-
528 1857 561 1884 et
578 1854 684 1895 legem
703 1853 781 1884 null.
796 1854 852 1884 hat

189 1899 269 1931 Cato
288 1899 378 1930 nicht
396 1910 430 1929 so
448 1899 614 1930 bestimmt
637 1903 769 1939 gesagt,
795 1899 853 1929 der

188 1944 319 1975 Redner
337 1944 463 1975 seheint
481 1954 515 1974 es
528 1954 586 1975 aus
606 1954 632 1974 (·.
650 1944 679 1979 3,
696 1945 713 1974 ὀ
732 1954 773 1974 zu
790 1942 854 1974 fol-

189 1999 405 2031 gern.—p1·o
418 1989 494 2030 leg„
510 1988 700 2020 attributiv:
716 1988 854 2019 Schutz-

190 2035 287 2071 rede3
313 2045 352 2065 zu
371 2034 426 2064 illa
445 2034 487 2064 ist
507 2035 614 2064 oratio
635 2034 714 2064 noch
734 2034 853 2064 einmal

190 2091 230 2110 zu
247 2079 384 2110 denken.
405 2097 440 2100 ἢ
463 2078 641 2117 consular„
660 2079 725 2118 vgl.
745 2078 779 2111 3,
799 2078 852 2115 69,

194 2125 202 2154 1
221 2135 228 2162 3
267 2124 285 2155 3
321 2135 352 2154 u.
382 2134 409 2154 a.
446 2143 484 2145 —-
521 2133 581 2164 ego
615 2125 701 2153 enim
736 2124 853 2162 gehijrt

190 2169 366 2210 eigentlirh
383 2179 423 2199 zu
437 2169 508 2199 dem
522 2168 772 2208 iibergangenen
790 2168 854 2198 all-

189 2214 356 2254 gemeinen
375 2212 571 2244 Gedanken:
599 2222 634 2243 es
656 2212 745 2251 gicht
770 2212 852 2242 zwei

190 2260 293 2290 Arten
312 2270 374 2289 von
394 2259 502 2299 leges,
521 2257 691 2289 bleibende
711 2258 773 2288 und
793 2268 852 2288 nur

190 2304 481 2344 voriibergehende
510 2302 853 2342 Verwaltnngsmass-

190 2350 314 2389 regcln,
340 2368 383 2371 ἡ
408 2350 439 2379 ίη
464 2350 581 2384 nemu,
612 2348 643 2378 in
668 2347 775 2387 Bezng
799 2346 856 2378 auf

191 2396 260 2424 nisi
280 2413 299 2415 ›
320 2395 404 2434 fecit
423 2392 667 2424 iibcrtrcibend.
693 2410 735 2415 —
760 2403 853 2424 roar-

189 2441 283 2480 guit,
318 2438 462 2469 Perfer-t:
502 2439 550 2469 als
583 2437 743 2478 unniithig
776 2438 853 2468 oder

194 2483 359 2514 sehiidlivh
377 2483 558 2524 dax-gethan
576 2483 648 2518 hat,
667 2493 692 2513 s.
712 2494 739 2513 (·.
759 2482 796 2519 3,
815 2483 852 2513 4:

195 2529 247 2563 54,
267 2532 295 2558 ὃ.
315 2546 355 2550 —
374 2529 547 2571 temporib.
564 2530 635 2571 sps„
654 2537 746 2558 Wenn
768 2527 854 2558 nicht

926 1323 1000 1344 cum
1035 1311 1132 1351 fehlt,
1167 1312 1269 1343 freier
1302 1312 1430 1345 Ablata

926 1358 1031 1389 durch
1048 1357 1101 1388 die
1120 1368 1148 1388 11ι
1170 1368 1195 1388 5.
1215 1367 1255 1387 w.

974 1402 1082 1433 ῖ-Ῑδ.
1110 1401 1175 1433 Das
1208 1402 1423 1443 voi-liegende
1458 1401 1592 1443 Gesetz‚

927 1458 988 1479 nur
1006 1446 1060 1478 fiir
1077 1447 1263 1478 bestimmte
1282 1447 1516 1480 ἵει-1151161556
1534 1459 1593 1489 ge-

925 1492 1046 1533 geben,
1076 1502 1165 1523 muss
1190 1492 1248 1523 mit
1272 1492 1382 1524 diesen
1413 1492 1526 1525 fallen.
1550 1512 1593 1516 —

926 1537 1103 1575 distincta,
1128 1537 1195 1577 vgl.
1217 1538 1252 1571 5,
1270 1538 1307 1576 4,
1327 1538 1356 1568 4.
1382 1556 1424 1560 —
1447 1539 1593 1580 obroga-

925 1593 1018 1621 mus,
1044 1593 1070 1613 e.
1100 1581 1132 1621 l,
1158 1582 1187 1612 '.‘'.
1212 1601 1252 1603 —
1279 1584 1400 1626 quippe
1423 1602 1444 1605 —
1467 1586 1527 1615 aut
1550 1583 1593 1615 ist

926 1627 1015 1658 nicht
1040 1627 1165 1667 sicher,
1196 1626 1248 1657 (116
1274 1627 1348 1659 Η55.
1378 1628 1481 1659 haben
1510 1639 1594 1670 quae

927 1673 1030 1714 (qula)
1049 1691 1068 1694 —
1086 1674 1163 1707 αιιίς
1188 1674 1249 1703 aut
1263 1673 1399 1704 sondert
1416 1673 1468 1705 die
1487 1673 1591 1712 Fallet,

926 1716 986 1748 auf
1006 1717 1131 1749 welche
1161 1717 1232 1748 sich
1260 1718 1311 1749 die
1340 1718 1445 1749 durch
1473 1720 1593 1762 quippe

926 1763 1153 1804 angedeutete,
1178 1763 1263 1793 dann
1289 1763 1321 1793 111
1339 1765 1409 1795 sine
1427 1774 1492 1805 qua
1508 1762 1594 1795 fort-

925 1813 1074 1849 gesetzte
1092 1806 1201 1839 Ironie
1218 1807 1363 1847 bezieht,
1383 1819 1409 1839 s.
1428 1808 1494 1840 Cic.
1511 1808 1593 1839 Acd.

927 1854 958 1891 2,
974 1854 1003 1892 7,
1019 1853 1076 1888 21;
1096 1851 1181 1883 Sest.
1200 1852 1253 1892 21,
1269 1853 1308 1883 47
1325 1863 1354 1883 u.
1370 1863 1398 1884 a.
1413 1872 1455 1876 -——
1473 1855 1594 1897 quippe

927 1897 988 1928 wie
1007 1897 1107 1937 Verg.
1126 1896 1209 1928 Aen.
1234 1899 1242 1927 l
1259 1922 1266 1935 ,
1286 1897 1344 1928 33:
1363 1899 1483 1940 quippe
1500 1901 1594 1930 vetol-

925 1943 1012 1984 fatz's
1036 1953 1065 1973 u.
1085 1942 1134 1979 ἒ1.;
1169 1953 1203 1973 65
1234 1942 1314 1973 11·11·(1
1344 1953 1442 1984 quam
1473 1946 1591 1975 vetas?

926 1997 1041 2027 verm„
1070 1997 1139 2018 was
1169 1987 1248 2018 aber
1277 1998 1317 2018 zu
1340 1998 1386 2018 ew
1408 1990 1486 2019 utro
1511 1999 1593 2030 gen.

928 2032 1017 2063 nicht
1041 2042 1161 2073 passen
1177 2033 1308 2064 wiirde:
1335 2033 1418 2064 auch
1438 2033 1519 2074 liegt
1535 2033 1594 2064 der

926 2077 1124 2109 Nachdruck
1142 2077 1232 2108 nicht
1249 2076 1307 2108 auf
1321 2080 1415 2109 vetus
1430 2078 1481 2109 od.
1497 2079 1594 2120 regia

929 2123 980 2153 od.
998 2122 1246 2162 decemviralis,
1272 2123 1413 2154 sondern
1431 2123 1495 2154 wie
1512 2123 1593 2154 auch

926 2167 946 2208 ξ
961 2168 990 2207 9,
1009 2166 1147 2198 aufsz'ne
1161 2178 1225 2209 qna
1239 2172 1312 2200 ete..
1331 2168 1369 2199 da
1385 2168 1435 2199 die
1450 2166 1593 2199 Gesetze

927 2213 1015 2243 nis-ht
1044 2212 1075 2243 in
1106 2213 1173 2244 alte
1204 2224 1234 2243 u.
1260 2222 1358 2251 116116,
1389 2213 1532 2244 sondern
1560 2213 1594 2243 in

927 2258 1156 2298 nnthwendige
1197 2258 1260 2288 und
1294 2258 1396 2289 durch
1435 2256 1593 2298 zuffillige

927 2302 1159 2334 vex-hahuisse
1200 2302 1352 2342 bedingte
1396 2303 1592 2343 geschieden

927 2348 1070 2378 werden.
1089 2365 1133 2370 ——
1152 2350 1245 2379 vetas
1262 2358 1335 2389 reg.
1353 2347 1385 2384 l.,
1412 2347 1499 2379 nicht
1522 2352 1592 2379 esst

927 2403 990 2423 von
1016 2393 1120 2424 ciuem
1137 2393 1196 2424 der
1220 2393 1374 2434 spiitcren
1391 2390 1518 2433 Hb'nige
1535 2402 1592 2433 ge-

927 2438 1041 2477 geben,
1056 2438 1158 2469 daher
1172 2438 1254 2468 noch
1267 2447 1412 2478 genauer
1426 2437 1592 2469 bestinnnt

928 2483 1030 2513 durch
1054 2482 1157 2514 simul
1176 2501 1198 2505 -
1220 2485 1316 2513 nata:
1342 2482 1374 2513 in
1397 2483 1456 2514 der
1479 2481 1592 2515 Urzeit

928 2527 983 2558 des
1015 2527 1146 2559 Staates
1177 2528 1238 2558 und
1270 2525 1487 2568 Hiinigthums
1520 2532 1593 2558 ent-

1472 1314 1592 1355 gerade

1712 141 1715 150 1
