1715 2723
522 78 646 111 LIBER
662 78 805 111 XXXII.
833 78 926 111 CAP.
945 79 997 111 23.
1017 80 1070 112 24.
1426 80 1504 118 149

101 98 127 115 a.
143 89 196 115 Ch.
212 88 271 113 198.

101 188 139 222 et
160 183 390 234 quingentos
413 181 555 220 milites
575 193 645 232 per
665 181 865 219 Boeotiam
887 181 1007 219 duxit.
1054 187 1209 231 praesto
1231 181 1340 220 fuere
1360 181 1407 219 ab
1429 180 1505 219 Co-

98 239 229 278 rintho
256 238 390 284 lembi,
422 238 486 288 qui
506 237 741 289 praesidium
762 237 799 275 id
821 241 1025 287 acceptum
1045 236 1264 276 Lechaeum
1284 237 1505 276 traicerent.

99 300 235 334 auctor
255 299 336 333 erat
355 294 504 332 Attalus
526 293 692 332 incensis
715 293 898 344 operibus
921 293 1156 331 omittendae
1172 294 1365 345 extemplo
1383 306 1508 344 oppu-
1541 301 1579 332 12

100 351 311 402 gnationis3
332 350 566 402 pertinacius
588 349 814 399 [Quinctius]
840 350 1039 388 Romanus
1061 349 1100 386 in
1122 349 1276 400 incepto
1298 350 1507 400 perstabat.

100 408 132 446 is
155 420 330 458 quoque,
358 411 401 445 ut
421 418 491 457 pro
513 405 693 444 omnibus
714 406 837 456 portis
869 405 1055 456 disposita
1076 404 1176 442 videt
1196 406 1386 455 praesidia
1406 406 1510 456 regia

98 475 172 502 nec
191 463 300 502 facile
321 462 613 513 erumpentium
633 462 801 512 impetus
818 462 1000 500 sustineri
1015 474 1143 512 posse,
1166 461 1206 498 in
1221 462 1337 499 Attali
1352 467 1510 500 senten—

99 520 194 558 tiam
222 519 423 558 concessit.
470 518 523 556 ita
550 518 666 556 inrito
695 518 848 568 incepto
882 518 1050 556 dimissis
1079 517 1240 555 Achaeis
1267 518 1435 557 reditum
1463 519 1510 557 ad
1542 524 1581 556 13

100 588 216 614 naves
239 581 307 613 est.
348 575 497 613 Attalus
514 574 707 620 Piraeum,
729 575 897 612 Romani
919 574 1124 624 Corcyram
1147 574 1354 624 petierunt.

211 632 312 670 Dum
339 631 433 669 haec
461 630 506 668 ab
536 631 660 669 navali
689 631 859 669 exercitu
884 636 1091 681 geruntur,
1122 629 1259 668 consul
1280 629 1320 667 in
1340 630 1509 668 Phocide
1527 631 1581 669 24

98 688 145 725 ad
172 688 344 726 Elateam
374 686 506 726 castlis
534 686 671 736 positis
700 687 827 737 primo
860 686 1062 748 colloquiis
1096 698 1180 724 rem
1214 698 1283 737 per
1316 686 1510 737 principes

98 742 337 781 Elatensium
354 742 575 793 temptavit·
596 748 807 794 postquam
828 743 921 780 nihil
943 755 1027 780 esse
1043 743 1082 780 in
1100 754 1218 781 manu
1234 754 1302 780 sua
1319 747 1358 780 et
1378 742 1465 793 plui
1469 755 1509 781 es
1539 747 1558 779 2

99 799 376 850 validioresque
406 811 490 837 esse
518 799 643 849 regios
673 812 790 850 quam
819 799 1034 850 oppidanos
1062 798 1388 849 lespondebatur,
1424 804 1508 837 tum

98 855 214 894 simul
240 855 286 894 ab
316 855 423 893 omni
450 860 558 905 palte
587 856 767 906 opelibus
797 856 994 906 armisque
1022 856 1159 893 urbem
1197 861 1256 893 est
1292 855 1508 906 adgressus.

99 911 217 950 ariete
247 912 404 949 admoto
427 924 515 949 cum
545 917 733 961 quantum
766 912 867 950 inter
887 918 964 949 cres
989 916 1118 949 turres
1140 911 1243 949 muri
1264 888 1362 949 erato
1366 924 1508 962 proru—
1539 920 1557 949 3

99 973 184 1006 tum
215 980 304 1006 cum
332 968 478 1018 ingenti
507 968 658 1018 fragore
686 980 729 1007 ac
757 967 923 1018 strepitu
944 967 1128 1006 nudasset
1148 967 1306 1013 urbem,
1336 968 1453 1006 simul
1474 973 1511 1005 et

99 1025 238 1062 cohors
260 1024 435 1062 Romana
455 1035 523 1074 per
543 1029 721 1074 apertum
739 1024 885 1063 recenti
904 1028 1028 1074 strage
1045 1025 1118 1062 iter
1132 1024 1282 1068 invasit,
1304 1030 1342 1062 et
1358 1037 1402 1062 ex
1422 1037 1503 1062 om-
1537 1032 1557 1062 4

98 1080 210 1118 nibus
233 1080 363 1130 oppidi
383 1079 556 1130 partibus
576 1080 719 1118 relictis
741 1080 820 1118 suis
837 1080 1001 1130 quisque
1018 1080 1248 1118 stationibus
1265 1080 1304 1118 in
1321 1093 1425 1126 eum,
1444 1080 1509 1131 qui

95 1135 347 1186 premebatur
367 1135 514 1185 impetu
536 1136 708 1173 hostium
723 1166 731 1181 ,
756 1136 886 1175 Iocum
908 1141 1203 1175 concurrerunt.
1246 1136 1385 1175 eodem
1405 1141 1508 1175 tem—
1538 1146 1557 1176 5

94 1204 188 1242 pore
210 1191 376 1230 Romani
403 1199 443 1229 et
472 1191 604 1229 ruinas
632 1192 734 1230 muri
761 1192 1067 1243 supervadebant
1097 1198 1134 1230 et
1160 1193 1278 1230 scalas
1302 1192 1347 1231 ad
1369 1192 1507 1231 stantia

96 1247 249 1286 moenia
269 1247 499 1286 inferebant.
541 1253 579 1285 et
608 1247 701 1286 dum
729 1248 769 1286 in
796 1260 913 1286 unam
943 1253 1093 1298 partem
1125 1249 1257 1287 0011105
1279 1249 1509 1299 animosque

95 1304 267 1342 hostium
290 1309 487 1342 certamen
509 1309 717 1349 averterat,
741 1304 916 1355 pluribus
939 1305 1032 1343 locis
1054 1305 1165 1343 scalis
1188 1305 1338 1355 capitur
1358 1317 1508 1349 murus,

95 1360 310 1411 armatique
339 1360 379 1398 in
406 1359 544 1398 urbem
565 1361 900 1399 transcenderunt.
943 1374 1020 1412 quo
1042 1362 1213 1399 tumultu
1234 1361 1365 1400 audito
1386 1361 1510 1400 territi
1539 1370 1558 1399 (5

94 1417 227 1455 hostes
248 1416 402 1462 relicto,
426 1429 543 1467 quem
573 1417 736 1455 conferti
762 1417 987 1464 tuebantur,
1017 1417 1103 1455 loco
1133 1418 1172 1455 in
1200 1430 1330 1456 arcem
1358 1429 1508 1465 omnes,

94 1472 233 1511 inermi
263 1485 417 1523 quoque
449 1478 636 1523 sequente
666 1473 796 1519 turba,
828 1474 1099 1524 confugerunt.
1141 1474 1193 1512 ita
1229 1475 1324 1513 urbe
1360 1474 1509 1525 potitur
1539 1479 1555 1509 7

95 1529 241 1568 consul.
279 1542 354 1580 qua
376 1528 524 1580 direpta
545 1529 676 1568 missis
697 1530 736 1567 in
752 1542 894 1575 arcem,
918 1531 984 1581 qui
1004 1531 1123 1569 vitam
1140 1530 1266 1581 regiis,
1290 1531 1322 1569 si
1338 1531 1508 1569 inermes

96 1683 152 1721 11,
172 1683 202 1715 3.
227 1702 268 1706 -—
290 1694 353 1725 per
370 1684 502 1717 Boeot.,
527 1694 593 1714 von
616 1684 760 1722 Euboea,

93 1739 120 1759 s.
151 1738 180 1759 c.
205 1729 255 1759 16.
278 1746 322 1751 —
344 1730 384 1759 ab
417 1728 575 1760 Corintho
605 1729 691 1759 kann
722 1741 762 1760 zu

836 1695 937 1716 'namt
955 1696 1045 1718 esse:
1066 1685 1145 1716 Sall.
1164 1684 1185 1716 I.
1208 1685 1263 1724 14,
1283 1685 1303 1716 4
1322 1697 1352 1717 u.
1370 1696 1418 1723 a.,
1436 1687 1504 1726 vgl.

837 1730 889 1765 31,
904 1731 958 1769 45,
975 1732 1011 1760 4:
1032 1741 1113 1761 suae
1126 1732 1321 1772 potestatis.
1340 1749 1383 1754 —
1401 1742 1505 1772 quau-

92 1773 194 1804 lembi
204 1773 267 1804 und
282 1784 322 1804 zu
338 1776 477 1817 praesto
490 1774 592 1815 fuere
605 1774 760 1814 gelliiren.

91 1835 136 1841 —
159 1820 359 1857 traicerent,
392 1819 467 1849 dass
497 1818 546 1850 sie
576 1819 675 1850 dahin
704 1829 762 1860 ge-

92 1863 225 1902 bracht,
247 1863 311 1894 und
337 1864 396 1894 der
416 1863 502 1903 IVeg
519 1874 583 1894 1011
607 1865 679 1894 (10111
697 1864 761 1895 Le-

92 1908 226 1939 chaeum
260 1909 340 1939 nach
374 1908 434 1939 der
466 1908 562 1940 Stadt
593 1909 759 1940 zwischen

90 1953 151 1984 den
168 1952 307 1984 Mauern
333 1954 416 1984 noch
439 1952 502 1984 frei
525 1953 584 1990 ist,
608 1954 693 1985 wir-d
716 1955 759 1985 im

93 1996 461 2038 Folg.v01·ausgesetzt.
480 1998 540 2029 Die
556 1998 759 2030 riiln.Flotte

91 2043 179 2073 steht
194 2042 236 2073 im
251 2043 463 2074 saronischen
476 2043 579 2076 Hasen
594 2045 659 2075 und
674 2044 758 2076 kann

91 2086 143 2117 die
176 2086 374 2119 Ueberfahrt
407 2088 494 2119 nicht
532 2089 683 2122 hindern.
715 2108 760 2113 ——

86 2134 274 2174 portiano,
304 2132 371 2173 vgl.
397 2133 455 2171 35,
480 2133 539 2173 51,
565 2134 595 2165 9.
625 2152 668 2157 —
695 2144 758 2177 pro

86 2179 197 2219 port„
221 2187 304 2208 vorn
330 2175 389 2208 auf
411 2178 472 2208 den
494 2189 547 2210 um
573 2179 624 2210 die
648 2178 759 2211 Thore

89 2221 218 2253 breiten
243 2222 397 2259 Manern,
424 2233 449 2253 s.
476 2222 536 2262 31,
563 2223 622 2263 24,
641 2224 676 2265 9,
700 2235 759 2256 aus

90 2267 193 2298 denen
203 2267 252 2298 510
261 2267 345 2298 dann
356 2268 623 2300 hcrvorbrechen
635 2274 760 2306 (erum-

86 2313 265 2353 pentium).
283 2330 326 2335 —
344 2313 508 2353 omnibus,
528 2313 579 2344 die
595 2313 613 2344 3
631 2313 651 2355 ξ
669 2315 681 2345 1
704 2315 760 2346 bc-

90 2356 293 2388 zeichneten.

135 2397 204 2433 24.
241 2403 337 2434 1-4.
384 2402 497 2433 navali
528 2414 639 2434 arere.
673 2404 759 2435 wird

92 2446 180 2478 nicht
203 2445 250 2478 oft
275 2458 311 2478 so
337 2452 464 2488 gesagt.
481 2465 524 2470 —
542 2450 576 2478 in
599 2459 701 2480 mmm
719 2460 758 2489 s.,

90 2491 152 2522 wie
176 2491 237 2532 45,
263 2492 322 2531 36,
349 2494 383 2524 5:
408 2492 536 2534 aliquid
557 2495 589 2524 in
614 2493 757 2525 militum

835 1777 905 1805 tum
921 1793 943 1796 —
955 1778 1030 1807 erat
1043 1778 1226 1817 prorutam
1240 1776 1284 1807 ist
1298 1786 1504 1807 zusammen-

835 1820 1014 1850 zunehmen
1039 1820 1102 1850 und
1128 1821 1269 1852 vertritt
1291 1821 1349 1852 das
1368 1820 1504 1862 Subject

835 1875 874 1895 zu
893 1864 1071 1896 nudasset:
1089 1866 1138 1896 als
1157 1866 1216 1896 der
1235 1865 1408 1905 Uiustand,
1427 1867 1503 1897 dass

834 1909 1041 1950 eingestiirzt
1058 1920 1143 1948 war,
1169 1911 1228 1942 der
1245 1910 1403 1942 Einsturz
1425 1923 1457 1942 u.
1477 1922 1502 1943 s.

832 1964 875 1984 w.
892 1972 936 1976 —
959 1957 1047 1991 tres,
1073 1956 1140 1996 vgl.
1165 1955 1224 1995 21,
1250 1955 1284 1994 S,
1311 1957 1341 1987 5.
1366 1974 1410 1978 -
1431 1958 1502 1988 coli.

833 1999 941 2039 Rom„
961 2000 1012 2038 34,
1029 2000 1080 2035 28,
1097 2001 1127 2032 7.
1141 2019 1185 2023 —
1202 2003 1320 2042 strage
1333 2001 1396 2032 wie
1411 2006 1505 2032 sonst

833 2047 948 2081 ruina,
975 2044 995 2086 ξ
1014 2046 1051 2083 5;
1078 2045 1136 2085 31,
1156 2045 1215 2085 46,
1239 2047 1289 2076 15.
1308 2064 1352 2068 —
1369 2048 1503 2085 invasit,

833 2090 981 2121 absolut:
1002 2090 1102 2121 brach
1120 2090 1183 2122 ein.
1202 2109 1246 2113 —
1264 2093 1381 2133 quisq„
1403 2102 1429 2122 s.
1451 2091 1503 2130 21,

832 2135 886 2171 45,
905 2136 936 2166 9.

878 2180 969 2210 5-7.
996 2180 1074 2211 dum
1105 2199 1127 2202 —
1155 2183 1328 2212 averterat
1358 2196 1379 2207 z
1408 2191 1505 2212 aver—

832 2227 922 2256 terat
945 2227 977 2256 et
1004 2235 1140 2257 aversos
1166 2226 1315 2259 tenebat,
1340 2224 1400 2256 auf
1413 2225 1504 2256 (11050

832 2270 943 2301 Ι);11101·
964 2271 1020 2301 (105
1039 2269 1189 2311 Erfolgs,
1215 2281 1241 2301 5.
1261 2281 1287 2301 c.
1312 2271 1367 2309 12,
1387 2270 1422 2305 3,
1448 2270 1504 2301 he—

833 2315 922 2346 zieht
946 2315 1015 2346 sich
1039 2315 1135 2351 dnm,
1161 2316 1225 2355 vgl.
1251 2314 1317 2346 Cic.
1347 2315 1378 2346 S.
1405 2313 1502 2346 Rosc.

833 2360 890 2399 32,
909 2360 947 2391 91
962 2372 969 2391 :
994 2360 1072 2392 dum
1092 2362 1122 2391 is
1138 2360 1215 2391 aliis
1239 2361 1340 2391 rebus
1357 2363 1433 2391 erat
1450 2370 1504 2391 oc-

832 2408 995 2447 cupatus:
1027 2406 1107 2436 iiber
1137 2405 1189 2435 die
1220 2404 1437 2446 Yerbindung
1469 2408 1501 2437 [u

830 2453 967 2481 —czvert.
986 2451 1013 2487 1,
1035 2451 1084 2489 12,
1104 2451 1151 2480 10.
1171 2450 1503 2489 tuebuntur,i1n1ne1·,

834 2495 883 2527 bis
899 2506 939 2526 zu
953 2495 1076 2526 diesem
1091 2494 1265 2529 momente,
1286 2505 1311 2526 s.
1328 2495 1380 2531 34,
1395 2496 1448 2536 44,
1467 2496 1503 2530 5:
