1715 2723
193 89 278 131 304

611 83 735 116 LIBER
748 83 942 117 XXXVIII.
967 83 1060 116 CAP.
1075 85 1128 120 20.
1142 87 1196 119 21.

1457 93 1482 111 a.
1503 93 1532 112 u.
1546 85 1608 112 565.

155 196 175 228 6
201 198 262 231 tus
293 204 338 230 eo
369 190 428 228 die
459 188 532 227 sub
561 188 655 239 ipsis
680 186 873 225 radicibus
898 186 1030 237 posuit
1050 191 1197 234 eastra3
1237 194 1395 238 postero
1424 189 1613 228 sacrificio

197 250 318 295 facto,
349 258 437 285 cum
465 244 600 295 primis
631 243 767 282 hostiis
796 243 960 289 litasset,
986 242 1172 281 trifariam
1201 245 1412 284 exereitum
1444 246 1613 285 divisum

156 311 174 342 7
195 305 337 343 ducere
359 302 406 340 ad
427 302 580 339 hostem
602 299 736 351 pergit.
773 299 857 350 ipse
879 310 969 336 eum
992 298 1159 337 maxima
1177 305 1285 350 parte
1305 301 1516 352 copiarum,
1534 313 1611 352 qua

193 358 472 410 aequissimum
489 357 635 395 aditum
654 355 862 406 praebebat
881 367 1006 401 monS,
1037 355 1229 402 ascendit3
1255 356 1298 395 L.
1320 358 1506 397 Manlium
1527 360 1610 397 fra-

194 424 290 455 trem
322 414 367 453 ab
397 413 559 451 hiberno
582 418 683 459 ortu,
699 412 828 463 quoad
850 412 933 450 loca
952 412 1144 462 patiantur
1165 418 1202 450 et
1222 417 1302 451 tuto
1323 415 1457 464 possit,
1477 414 1610 453 subire

155 480 173 512 8
192 472 319 517 iubet3
340 471 371 509 si
391 482 465 520 qua
480 469 695 520 periculosa
719 474 756 507 et
778 474 984 519 praerupta
1000 475 1219 514 occurrant,
1237 481 1318 507 non
1328 482 1502 521 pugnare
1518 483 1609 509 eum

192 527 389 578 iniquitate
408 527 587 564 locorum
612 537 740 575 neque
759 524 1133 575 inexsuperabilibus
1156 525 1235 563 vim
1255 526 1419 574 adferre,
1446 527 1514 565 sed
1535 526 1610 565 ob-

153 595 172 627 9
190 585 296 634 liquo
324 588 456 621 monte
479 583 525 620 ad
546 595 586 620 se
606 582 797 620 declinare
818 588 855 620 et
876 593 947 619 suo
967 581 1108 632 agmini
1132 582 1336 633 coniungi,
1368 583 1407 622 C.
1430 583 1610 622 Helvium

192 653 281 679 cum
310 639 418 678 tertia
447 645 555 690 parte
581 638 744 676 circuire
773 638 919 676 sensim
949 649 1019 688 per
1046 638 1178 676 infima
1209 639 1365 685 montis,
1393 639 1531 678 deinde
1561 639 1608 678 ab

192 709 331 735 occasu
363 696 504 735 aestivo
537 695 682 746 erigere
713 706 863 745 agmen.
916 699 953 732 et
972 694 1084 733 Attali
1116 695 1254 733 auxilia
1276 695 1462 734 trifariam
1483 708 1608 747 aequo

133 762 171 793 10
191 764 356 791 numero
381 752 517 797 divisit,
539 764 672 790 seeum
693 763 777 789 esse
797 751 927 801 ipsum
950 750 1129 789 iuvenem
1142 751 1263 790 iussit.
1290 753 1503 802 equitatum
1516 764 1608 791 eum

192 809 402 860 elephantis
432 808 472 846 in
502 808 679 858 proxima
709 807 868 845 tumulis
895 806 1049 856 planitie
1079 807 1254 858 1·eliquit;
1295 808 1464 847 edietum
1493 821 1608 859 prae-

192 866 312 912 fectis,
344 871 386 904 ut
416 864 564 910 intenti,
606 864 697 914 quid
726 863 869 913 ubique
892 868 1057 913 geratur,
1089 864 1396 903 animadvertant
1415 876 1608 915 opemque

114 933 169 973 21
193 924 306 968 ferre,
324 934 401 972 quo
425 921 593 972 postulet
612 933 686 966 res,
707 920 868 970 possint.
895 919 989 957 Galli
1011 925 1047 958 et
1066 928 1081 944 *
1098 919 1144 957 ab
1157 920 1311 959 (luobus
1322 921 1504 959 lateribus
1517 921 1608 959 satis

190 979 353 1016 fidentes
374 978 475 1016 invia
497 990 593 1023 esse,
617 976 662 1014 ab
683 989 725 1014 ea
737 982 856 1027 parte,
879 988 977 1026 quae
998 975 1039 1013 in
1060 976 1260 1014 meridiem
1282 983 1468 1027 vergeret,
1488 983 1531 1015 ut
1543 989 1608 1015 ar-

191 1035 263 1073 mis
285 1034 507 1072 clauderent
527 1034 638 1079 viam,
662 1039 844 1083 quattuor
868 1032 968 1070 milia
992 1034 1071 1070 fere
1093 1039 1330 1071 armatorum
1351 1034 1398 1072 ad
1412 1034 1609 1072 tumulum

190 1091 458 1129 imminentem
494 1090 575 1128 viae
616 1090 745 1127 minus
776 1089 877 1127 mille
908 1101 1095 1138 passuum
1124 1102 1142 1127 a
1171 1090 1303 1128 castris
1336 1090 1609 1140 occupandum

150 1155 169 1186 2
191 1148 359 1192 mittunt,
380 1159 424 1185 eo
447 1159 487 1185 se
508 1147 577 1184 rati
597 1146 713 1184 veluti
737 1146 889 1184 castello
910 1146 982 1183 iter
1000 1145 1267 1195 impedituros.
1314 1147 1421 1197 quod
1442 1146 1508 1185 ubi
1523 1147 1606 1185 Ro-

191 1204 292 1243 mani
327 1204 529 1249 viderunt,
557 1203 767 1252 expediunt
795 1214 879 1240 sese
911 1202 956 1240 ad
978 1213 1161 1251 pugnam.

1215 1208 1301 1240 ante
1322 1203 1429 1254 signa
1449 1203 1605 1241 modico

188 1261 389 1299 intervallo
412 1260 543 1298 velites
567 1266 660 1298 eunt
680 1265 715 1297 et
735 1258 781 1296 ab
804 1258 927 1297 Attalo
950 1258 1151 1297 Cretenses
1172 1259 1352 1309 sagittarii
1374 1265 1411 1298 et
1432 1259 1608 1298 fundito-

149 1324 167 1355 3
189 1329 250 1355 res
271 1317 433 1355 etTralli
454 1322 489 1355 ez?
503 1316 716 1361 Thraeces,
735 1316 841 1365 signa
854 1314 1040 1365 peditum,
1061 1321 1184 1364 utper
1195 1315 1373 1361 arduum,
1395 1316 1473 1354 leni
1484 1316 1606 1366 gradu

234 1463 355 1495 6—10.
380 1462 492 1501 saeris.
513 1461 558 1500 f.,
578 1470 602 1491 s.
621 1471 646 1491 c.
669 1461 722 1500 26,
751 1462 782 1498 l,
805 1462 858 1499 35,

187 1508 241 1546 48,
275 1508 325 1540 13.
352 1525 394 1529 -
420 1510 528 1546 Mass„
565 1507 618 1545 23,
655 1506 708 1543 36,
741 1507 790 1538 10.
816 1523 859 1526 ——

181 1556 292 1592 possit,
324 1554 350 1591 1,
381 1554 433 1588 28,
465 1554 498 1584 1:
524 1558 633 1583 vertat.
660 1569 703 1572 —
729 1553 860 1582 inexsu-

184 1607 264 1640 per.‚
299 1608 323 1628 s.
351 1598 370 1636 ἓ
403 1600 438 1630 5:
463 1599 621 1636 omnibus,
648 1598 702 1634 35,
742 1598 792 1635 15,
831 1598 860 1630 S.

186 1646 249 1675 vim
273 1644 387 1684 adfer„
414 1641 546 1674 Gewalt
574 1642 730 1673 anwende
752 1652 803 1672 um
826 1651 860 1673 es

187 1700 227 1720 zu
255 1688 484 1727 iiberwinden3
510 1688 561 1719 die
595 1687 697 1719 stelle
730 1687 774 1717 ist
809 1691 861 1718 et-

187 1744 257 1766 was
282 1733 473 1765 wortreich.
495 1752 537 1755 -—
562 1736 652 1774 oblae'q.
669 1744 721 1771 m„
741 1733 862 1773 scin-{ig

188 1790 240 1811 am
263 1780 367 1819 Berge
399 1780 469 1819 her,
505 1782 534 1813 7,
573 1781 622 1815 15.
652 1781 681 1811 5.
718 1797 761 1800 —
791 1789 862 1809 eon-

187 1828 285 1867 z‘unyz',
316 1825 465 1863 reflexiv,
503 1824 565 1855 wie
599 1827 693 1865 imeqz‘
715 1825 768 1857 26.
807 1825 861 1861 24,

190 1872 229 1903 13
264 1882 295 1902 u.
331 1881 372 1909 a.,
408 1870 475 1911 vgl.
510 1872 563 1905 25,
598 1871 650 1907 36,
685 1871 714 1902 2.
749 1888 755 1890 e
802 1880 863 1907 per

190 1917 252 1957 [ns.
277 1928 328 1956 m,
356 1926 419 1946 von
446 1916 517 1946 dem
545 1915 653 1955 Lager
678 1925 735 1946 aus
762 1919 862 1946 uuten

187 1972 227 1992 an
263 1980 305 1983 —-
337 1961 393 1991 hin
428 1960 477 1991 bis
510 1971 551 1991 an
589 1960 639 1992 (lie
666 1959 861 1991 Nordwest-

187 2006 280 2038 Seite.
307 2025 348 2028 —
377 2008 482 2045 eleph„
510 2017 535 2037 s.
562 2008 615 2045 37,
656 2007 709 2045 39,
742 2007 792 2039 13.
819 2023 862 2027 —

184 2054 355 2093 praetem,
404 2051 476 2083 hier
517 2052 698 2093 uberhaupt
739 2052 862 2082 hiihere

189 2096 353 2137 (ifficiex-e,
392 2101 485 2128 sonst
517 2095 570 2128 (lie
601 2096 768 2128 Anfiihrer
804 2097 863 2128 der

187 2142 302 2174 Reiter
327 2143 391 2174 und
416 2143 474 2174 der
499 2142 794 2183 Bundesgenossen.
819 2160 862 2164 —

189 2190 303 2221 [menti
327 2188 371 2219 ist
397 2188 473 2229 wol⁷
491 2187 554 2218 wie
582 2187 640 2228 ost,
667 2188 797 2218 absolut
821 2198 861 2218 zu

189 2235 334 2273 nehmeu,
368 2244 393 2264 s.
430 2234 460 2273 9,
496 2235 549 2273 24,
583 2235 624 2268 S:
662 2235 714 2267 26,
742 2235 795 2271 43,
825 2235 859 2273 13

189 2281 242 2317 30,
280 2281 331 2314 lo,
366 2281 384 2312 ὃ
416 2290 447 2310 u.
475 2288 515 2313 a„
541 2280 622 2319 quid
642 2291 673 2309 u.
702 2290 766 2319 (jer.
797 2288 859 2309 von

187 2327 344 2357 animadv.
403 2324 589 2364 ahhiingig:
637 2324 861 2364 beobaehte03

184 2373 321 2408 possint:
348 2369 390 2400 im
414 2369 536 2400 Stande
560 2369 685 2400 wiiren.

238 2413 306 2450 21.
349 2416 442 2447 1-3.
491 2421 518 2447 ec
556 2416 592 2446 ab
641 2416 779 2452 duobus;
822 2421 859 2453 ct,

188 2461 331 2491 welches
368 2460 419 2491 die
452 2460 589 2491 meisteu
625 2459 697 2493 Hss.
742 2459 858 2499 haben,

189 2506 299 2536 ‹leutet
325 2515 375 2542 au,
401 2506 476 2536 (lass
507 2505 556 2536 ein
583 2505 719 2536 zweites
746 2504 859 2535 Glied:

930 1466 956 1491 et
990 1472 1009 1491 a
1044 1466 1127 1500 teryo
1161 1458 1365 1501 ausgel'allen
1391 1460 1443 1491 ist.
1471 1478 1515 1482 ——
1539 1463 1609 1492 viae

932 1506 1015 1536 nach
1048 1507 1132 1536 viam
1160 1505 1242 1537 ohne
1283 1504 1423 1536 Absicht
1463 1505 1608 1537 wieder-

929 1550 1010 1581 holt.
1037 1568 1080 1571 ——
1105 1553 1188 1582 mille
1205 1562 1293 1590 pass.
1326 1550 1391 1582 wie
1424 1552 1454 1590 3,
1487 1552 1541 1591 60,
1569 1552 1608 1591 33

932 1597 984 1635 23,
1023 1597 1076 1635 44,
1120 1598 1138 1628 7
1170 1606 1201 1627 11.
1235 1606 1263 1627 a.
1289 1614 1333 1617 ——
1356 1598 1447 1637 sigma
1479 1599 1546 1637 leq„
1581 1606 1606 1628 s.

931 1639 951 1681 ξ
992 1642 1042 1679 14,
1081 1651 1105 1670 e.
1141 1642 1194 1680 22,
1227 1644 1259 1678 4,
1293 1642 1344 1673 die
1377 1640 1513 1673 Fahnen
1548 1641 1607 1673 der

931 1685 1075 1727 Manipel
1101 1685 1158 1717 der
1181 1686 1351 1727 mistaten,
1377 1686 1428 1718 die
1453 1685 1513 1718 auf
1535 1687 1607 1718 dem

930 1731 1081 1762 Marsa-he
1119 1733 1340 1773 voi-angehen,
1382 1732 1445 1773 vgl.
1483 1731 1608 1773 jedoch

932 1780 984 1817 30,
1020 1778 1070 1810 11,
1103 1778 1152 1817 11,
1174 1777 1277 1819 Marq.
1304 1779 1334 1815 3,
1361 1779 1391 1817 2,
1418 1779 1502 1818 2633
1520 1779 1605 1818 2673

931 1822 982 1854 die
1008 1821 1141 1853 Yeliteu
1160 1823 1310 1864 operiren
1335 1823 1407 1855 hier
1429 1823 1479 1854 als
1503 1823 1605 1863 abge-

931 1868 1102 1899 sondertes
1158 1868 1279 1910 Corps,

930 1917 1026 1944 uuter
1052 1914 1253 1945 besouderen
1277 1913 1435 1951 Fiihrern,
1462 1914 1528 1955 vgl.
1549 1915 1605 1955 23,

932 1960 985 1998 29,
1025 1960 1062 1998 33
1106 1958 1207 2000 Murq.
1248 1961 1278 1999 3,
1312 1961 1343 1999 2,
1385 1961 1459 1992 315.
1492 1977 1535 1981 —-
1566 1961 1606 1991 ab

930 2007 1043 2036 Attalo
1072 2004 1262 2038 attributiv,
1296 2004 1348 2036 die
1384 2015 1449 2036 von
1481 2004 1520 2036 A.
1546 2014 1606 2045 ge-

931 2050 1088 2090 gebenen.
1106 2068 1149 2071 ——
1167 2052 1278 2090 Tralli,
1307 2051 1360 2090 37,
1387 2051 1441 2090 39,
1471 2052 1530 2089 1ος
1549 2051 1604 2091 33,

931 2097 962 2135 4,
1000 2098 1031 2128 4.
1067 2114 1111 2117 -
1147 2099 1240 2137 sifflza
1256 2098 1341 2136 ped„
1375 2095 1426 2128 ‹lie
1461 2094 1606 2136 Legion-

930 2141 1081 2173 soldaten
1124 2145 1221 2172 uuter
1254 2141 1347 2173 ihren
1389 2140 1533 2181 Fahnen,
1577 2151 1603 2172 s.

931 2188 950 2226 ξ
985 2188 1025 2229 2,
1062 2188 1116 2226 26,
1156 2189 1205 2226 14,
1246 2188 1297 2227 18,
1332 2186 1375 2218 im
1400 2185 1605 2226 Gegensatze

931 2243 970 2263 zu
1012 2232 1073 2263 den
1118 2232 1384 2272 ebengenanuten
1425 2231 1604 2263 Leichtbe-

931 2277 1118 2317 waffneten,
1152 2278 1329 2309 besonders
1360 2278 1421 2309 deu
1458 2276 1604 2317 Veliten‚

931 2323 982 2354 die.
1018 2327 1109 2354 sonst
1145 2327 1243 2354 unter
1291 2323 1352 2354 den
1376 2322 1511 2354 Fahuen
1546 2322 1605 2354 der

930 2368 1087 2410 manipuli
1118 2367 1282 2410 kiimpfen,
1326 2379 1350 2399 S.
1384 2369 1437 2407 30,
1472 2368 1528 2409 33,
1561 2369 1602 2408 3;

931 2414 982 2445 die
1016 2413 1128 2445 Reiter
1159 2414 1292 2445 werden
1325 2417 1395 2445 erst
1430 2422 1456 2444 c.
1490 2413 1544 2453 23,
1581 2414 1604 2446 4

929 2459 1090 2490 erw'ahnt.
1116 2477 1159 2481 —
1190 2462 1255 2491 lem'
1283 2470 1344 2500 qr„
1380 2458 1448 2498 vgl.
1482 2459 1537 2498 30,
1572 2459 1603 2498 5,

931 2506 968 2536 3:
994 2508 1112 2536 modico
1127 2507 1242 2546 yradu,
1261 2505 1315 2542 28,
1341 2505 1391 2544 14,
1422 2505 1478 2536 14:
1492 2514 1604 2543 presso

1328 1868 1606 1900 wahrscheinlioh
1665 1874 1668 1880 '
