1715 2723
568 140 692 173 LIBER
709 141 854 174 XXXII.
881 141 973 175 CAP.
992 143 1047 175 21.
1429 145 1507 184 143

98 159 125 177 a.
141 150 194 177 Ch.
211 150 271 176 198.

97 257 168 284 nos
190 244 305 283 urbes
320 243 572 295 recipiemus
595 248 795 294 tamquam
817 255 897 282 non
916 243 1100 282 intestino
1122 250 1160 284 et
1180 245 1394 285 haerente
1383 257 1424 284 ln
1444 245 1505 298 ip-

97 301 149 340 sis
178 300 387 340 visceribus
407 312 569 339 uramur
594 298 714 338 bello!
744 312 832 338 cum
859 304 960 338 terra
990 299 1106 338 Nabis
1137 306 1176 339 et
1196 302 1502 349 Lacedaemonii,

96 357 194 395 mari
215 357 346 395 classis
368 357 542 395 Romana
563 355 768 406 urgebunt,
790 355 892 394 unde
913 355 1055 407 regiam
1078 357 1303 396 societatem
1326 363 1363 396 et
1379 359 1504 397 Mace-

96 413 242 452 donum
276 412 463 464 praesidia
491 409 730 462 implorem?
755 423 804 450 an
831 412 902 463 ipsi
923 412 1066 450 nostris
1088 413 1205 450 armis
1223 414 1269 451 ab
1290 414 1402 452 hoste
1424 414 1504 453 Ro-

93 481 210 508 mano
232 469 448 508 tutabimur
467 468 603 513 urbes,
633 480 729 518 quae
751 466 1109 519 oppugnabantur?
1131 469 1279 519 egregie
1301 471 1405 508 enim
1426 470 1503 521 Dy-

93 537 177 564 mas
206 525 334 576 priore
363 525 462 563 bello
494 536 629 563 sumus
656 523 790 562 tutati!
821 524 913 563 satis
941 525 1208 575 exemplorum
1233 525 1345 563 nobis
1374 526 1499 565 clades

93 582 238 620 alienae
259 581 462 632 praebent,
484 592 532 618 ne
553 592 798 632 quaeramus,
821 593 936 631 quem
960 580 1187 620 admodum
1209 582 1346 620 ceteris
1367 594 1500 620 exem-

91 638 156 689 plo
178 638 340 676 simus.“

204 693 372 739 „Nolite,
396 693 482 744 quia
504 692 605 731 ultro
626 692 792 731 Romani
813 697 951 743 petunt
971 692 1198 738 amicitiam,
1229 692 1264 730 id
1295 693 1399 744 quod
1428 706 1498 745 op-

90 749 251 788 tandum
279 749 386 787 vobis
416 761 458 787 ac
493 761 742 800 summopere
779 749 990 799 petendum
1026 753 1126 795 erat,
1163 749 1345 788 fastidire.
1391 755 1499 789 metu

89 805 194 843 enim
211 805 386 844 videlicet
402 805 592 856 compulsi
609 810 647 843 et
668 805 848 856 deprensi
869 805 907 842 in
928 805 1048 844 aliena
1069 810 1182 849 terla,
1207 805 1295 856 quia
1317 806 1388 844 sub
1409 819 1499 845 um-

88 860 157 900 bra
177 861 293 900 vestri
314 861 442 900 auxilii
463 860 581 899 latele
606 861 749 906 volunt,
773 861 811 899 in
828 861 1053 900 societatem
1071 866 1237 900 vestram
1255 862 1497 913 confugiunt,

88 922 133 955 ut
153 918 328 968 portibus
360 911 495 956 vestiis
522 917 775 968 recipiantur
804 922 848 955 ut
875 917 1158 956 commeatibus
1188 918 1367 957 utantur!
1392 931 1498 957 maie

89 973 129 1011 in
157 979 347 1025 potestate
368 974 531 1019 habent,
561 978 696 1018 ter,ras
721 985 970 1024 quiscunque
988 974 1142 1019 adeunt,
1165 975 1358 1025 extemplo
1376 975 1496 1014 dicio-

88 1030 148 1068 nis
170 1043 262 1069 suae
283 1030 441 1069 faciunt.
483 1004 586 1081 qtiod
608 1034 764 1080 rogant,
789 1042 923 1081 cogere
945 1035 1130 1081 possunt,
1161 1030 1249 1081 quia
1278 1031 1497 1081 pepercisse

87 1086 195 1124 vobis
216 1086 363 1131 volunt,
387 1086 630 1124 committere
652 1098 740 1131 vos,
764 1098 833 1124 cur
852 1086 1031 1137 pereatis,
1053 1097 1132 1123 non
1153 1086 1364 1137 patiuntur.
1405 1099 1497 1126 nam

87 1142 191 1192 quod
220 1142 454 1181 Cleomedon
482 1142 600 1180 modo
628 1145 828 1192 tamquam
858 1142 1025 1180 mediam
1062 1147 1099 1180 et
1126 1142 1361 1181 tutissimam
1388 1143 1496 1182 vobis

83 1197 183 1236 viam
202 1198 362 1243 consilii,
380 1203 423 1236 ut
440 1198 687 1249 quiesceretis
709 1198 1029 1249 abstineretisque
1047 1198 1174 1243 armis,
1194 1198 1434 1245 ostendebat,
1452 1212 1495 1238 ea

84 1266 164 1293 non
187 1254 310 1293 media
331 1254 399 1293 sed
420 1254 522 1293 nulla
545 1254 603 1293 via
623 1258 694 1292 est.
737 1254 878 1293 etenim
900 1259 1171 1305 praeterquam
1189 1255 1293 1305 quod
1310 1260 1376 1293 aut
1393 1255 1492 1294 acci-

822 1399 887 1420 von
904 1387 924 1430 §
943 1388 972 1419 6.
991 1406 1034 1410 —
1052 1387 1202 1419 videlicet
1227 1387 1321 1419 stellt
1343 1388 1404 1420 den
1424 1388 1492 1420 Ge-

83 1388 234 1419 haerent.
252 1389 308 1429 in„
326 1387 346 1430 ξ
370 1388 426 1427 18;
446 1398 473 1419 0.
493 1388 544 1429 19,
561 1387 590 1419 6.
609 1406 651 1410 —
667 1399 749 1419 ura—

823 1433 950 1464 danken
970 1433 1050 1464 noch
1069 1433 1251 1464 besonders
1269 1433 1318 1464 als
1343 1433 1491 1465 ironisch

81 1443 176 1472 mur,
201 1432 261 1472 27,
279 1433 338 1473 29,
358 1433 388 1463 9.
413 1451 456 1455 -
478 1443 521 1464 (ιη
545 1437 627 1472 etc,
651 1432 747 1464 Hiilfe

83 1477 163 1509 aber
185 1478 317 1509 miissen
341 1477 404 1508 wir
425 1478 547 1517 haben,
578 1478 661 1509 denn
686 1478 749 1509 wir

82 1523 188 1554 selbst
204 1534 236 1554 u.
255 1534 282 1555 5.
300 1533 361 1563 11,,
384 1523 450 1563 vgl.
474 1523 494 1564 ξ
514 1525 543 1554 9.
575 1524 617 1554 ab
642 1524 672 1554 h.
698 1523 749 1565 H„

81 1578 107 1599 s.
124 1568 177 1608 24,
192 1567 221 1608 8,
239 1569 266 1600 1.
285 1585 328 1591 —-
345 1568 530 1611 implorem,
549 1568 608 1599 der
621 1564 748 1609 Singul.

79 1613 163 1644 nach
186 1614 405 1654 recipiemus,
429 1613 492 1644 wie
517 1612 578 1652 22,
603 1613 664 1653 59,
692 1613 746 1644 18:

79 1658 146 1688 visi
165 1658 273 1688 simus
294 1677 315 1680 —
338 1657 472 1689 redeam
492 1676 512 1679 —
534 1659 602 1688 seio
628 1676 647 1679 —
671 1659 749 1689 abe—

79 1712 196 1741 amusg
215 1702 250 1743 9,
272 1702 327 1742 18,
349 1703 383 1733 1:
403 1704 440 1741 53
461 1702 527 1733 Cic.
547 1701 617 1743 Lig.
639 1703 669 1741 7,
689 1702 747 1733 20:

80 1749 233 1778 omittam
249 1766 269 1770 -
283 1749 472 1785 veniamus3
492 1746 627 1788 Madvig
641 1756 744 1778 verm.

79 1792 151 1823 eine
180 1791 290 1823 Liicke
324 1793 405 1824 nach
438 1793 628 1833 ung-ebant,
661 1792 745 1823 daun

75 1837 305 1880 imploremus
323 1856 363 1859 —
382 1838 472 1868 enim.
490 1837 552 1868 wie
574 1837 627 1876 31,
648 1838 678 1876 7,
695 1838 745 1868 12.

75 1899 120 1905 -—
135 1881 281 1924 Dymas,
306 1886 409 1913 etwas
434 1882 554 1913 o'stlich
584 1892 648 1912 von
673 1882 745 1913 dem

76 1926 320 1959 corinthischen
339 1927 552 1966 Meerbusen,
571 1927 622 1957 die
640 1926 744 1958 Sache

75 1971 121 2003 ist
134 1972 201 2003 wol
218 1972 270 2003 die
284 1972 338 2011 27,
353 1972 406 2011 31,
422 1972 441 2003 9
460 1972 542 2004 kurz
561 1972 742 2012 erw‘a‘hnte,

75 2016 144 2056 vgl.
162 2016 301 2047 Pausan.
322 2017 357 2058 7,
380 2017 429 2057 17,
448 2016 478 2048 3.
495 2034 539 2039 -
555 2027 596 2048 ne
613 2027 742 2058 quaein,

76 2060 140 2092 wir
172 2060 294 2092 wellen
328 2061 434 2100 nieht;
474 2062 550 2093 dass
583 2062 646 2093 wir
679 2073 742 2093 nur

75 2105 185 2145 nicht,
215 2115 240 2137 5.
260 2105 318 2146 41,
338 2106 397 2145 24,
418 2106 469 2137 15.
498 2124 543 2129 -—
569 2117 702 2149 exemp.
721 2126 741 2130 —

75 2150 246 2193 extemplo,
280 2151 339 2181 der
371 2150 403 2181 in
433 2151 503 2182 dem
532 2150 741 2194 Wortspiele

73 2194 224 2236 liegende
234 2194 404 2227 Gedanke:
419 2194 543 2227 fremde
556 2195 742 2228 Erfahrun—

74 2250 134 2281 gen
159 2241 290 2272 miissen
314 2241 397 2271 euch
419 2250 554 2272 warnen
579 2242 656 2282 (den
675 2241 740 2273 Ra·-

72 2295 166 2317 mern
195 2297 235 2317 zu
264 2285 523 2327 widersteheu)‚
557 2286 658 2317 damit
687 2287 740 2318 1111·

73 2329 162 2362 nicht
186 2331 311 2361 andern
332 2341 392 2362 zur
409 2330 585 2371 XVarnung
602 2332 739 2371 wax-det,

75 2374 104 2416 1,
122 2374 175 2415 28,
197 2375 245 2416 10,
264 2375 365 2407 bildet
383 2376 444 2407 den
458 2375 654 2417 Uebergang
668 2387 739 2407 zum

73 2417 150 2460 folg.
178 2419 295 2452 Theile
318 2421 338 2461 ξ
362 2421 498 2452 30-32;
524 2421 586 2452 wir
608 2421 739 2452 miissen

75 2464 133 2495 das
150 2466 374 2506 grossmiithig
395 2466 616 2506 dargebotene
633 2465 741 2497 Biind—

74 2509 142 2540 niss
160 2510 349 2541 annehmen.

120 2553 249 2586 30-32,
288 2555 377 2586 ultro
410 2560 491 2597 etc.⁷
524 2554 740 2596 Ausffihrung

822 1479 896 1518 dar,
922 1489 949 1510 s.
973 1477 994 1520 ξ
1013 1478 1069 1509 28:
1095 1480 1194 1509 enim.
1213 1496 1256 1500 -—
1274 1479 1335 1509 sub
1358 1480 1490 1519 umbra,

823 1524 876 1561 34,
894 1523 925 1563 9,
948 1524 1006 1561 1ος
1026 1524 1056 1561 7,
1072 1524 1123 1563 30,
1146 1523 1202 1560 183
1225 1522 1322 1563 Vei-g.
1338 1523 1421 1555 Aen.
1439 1525 1489 1565 11,

822 1568 899 1599 223.
928 1586 974 1591 —
999 1579 1097 1600 mare
1123 1569 1166 1599 ist
1195 1578 1235 1598 zu
1266 1568 1420 1600 betonen.
1446 1587 1490 1592 —

821 1613 911 1654 qztocl
924 1623 1062 1654 cogere,
1079 1624 1105 1644 5.
1126 1614 1161 1652 4,
1181 1612 1241 1651 26,
1261 1613 1291 1644 3.
1310 1630 1352 1635 —
1367 1624 1489 1656 peper-

821 1660 905 1688 cisse
938 1657 1065 1689 seheint
1098 1657 1246 1697 zugleich
1280 1658 1341 1688 den
1371 1656 1489 1699 Erfolg

821 1702 1102 1733 einzusehliessen
1112 1702 1177 1732 und
1191 1711 1227 1732 so
1237 1702 1297 1732 den
1313 1701 1368 1733 inf.
1378 1713 1487 1744 praes.

822 1757 863 1778 zu
879 1752 1069 1787 vertreteu,
1096 1747 1159 1778 wie
1182 1747 1274 1778 vobis
1297 1748 1488 1779 consultam

819 1803 892 1824 esse
911 1792 1038 1832 volant,
1062 1792 1128 1833 vgl.
1147 1793 1206 1831 40,
1229 1792 1284 1832 10,
1303 1793 1338 1823 5:
1353 1794 1486 1834 perisse

821 1838 896 1876 (me)
916 1839 1098 1879 expetent&
1118 1836 1171 1876 28,
1185 1836 1241 1876 41,
1260 1837 1294 1867 5:
1313 1837 1486 1880 empuli-sse

817 1881 1036 1913 Hannibalem
1053 1881 1168 1916 πιαῐῐεε,
1190 1881 1247 1920 23,
1270 1881 1326 1922 15,
1348 1883 1405 1921 1ος
1432 1882 1485 1923 30,

820 1927 877 1966 14,
904 1928 939 1958 6:
968 1928 1053 1958 lianc
1076 1929 1110 1958 te
1133 1945 1152 1948 —
1176 1926 1340 1957 adeffecisse
1368 1927 1484 1965 velz‘m3

815 1972 883 2012 vgl.
910 1983 949 2004 zu
973 1973 1010 2012 2,
1030 1972 1087 2010 24,
1107 1973 1141 2003 5:
1165 1971 1213 2002 sie
1236 1971 1379 2003 konnten
1404 1973 1485 2004 euch

816 2017 1064 2049 01111011’011;01·05
1078 2016 1273 2048 vernichten
1288 2017 1368 2048 oder
1382 2018 1485 2048 zwin-

815 2072 896 2102 gen,
929 2062 1011 2093 euch
1044 2072 1084 2092 an
1119 2061 1169 2092 510
1201 2062 1483 2102 anzuschliessen,

815 2107 895 2138 aber
912 2107 971 2139 510
990 2106 1112 2138 wollen
1130 2106 1213 2137 euch
1236 2106 1395 2148 schonen,
1418 2108 1483 2138 und

814 2152 918 2183 durch
951 2152 1008 2183 das
1042 2150 1245 2182 Anerbieten
1285 2151 1342 2182 des
1375 2152 1483 2182 Biind-

814 2197 921 2228 nisses
942 2196 1158 2237 Gelegenheit
1181 2196 1301 2237 geben,
1326 2196 1401 2227 (lass
1420 2196 1482 2228 ihr

814 2243 885 2273 dem
903 2242 1097 2274 Verderben
1115 2252 1155 2272 zu
1173 2242 1333 2281 entgehen
1358 2241 1481 2272 suchen

813 2287 911 2327 sollt,
929 2287 986 2318 das
1004 2287 1086 2318 euch
1104 2286 1219 2326 droht,
1239 2296 1332 2316 wenn
1351 2286 1405 2316 ihr
1422 2286 1479 2317 das

813 2331 975 2364 Biindniss
991 2331 1226 2371 zuriiekweist,
1246 2331 1311 2371 vgl.
1328 2341 1400 2361 zum
1415 2329 1481 2362 Ge-

813 2377 941 2408 dauken
960 2377 1012 2417 37,
1031 2377 1084 2413 32,
1103 2376 1132 2407 8.

858 2422 1003 2453 33-34.
1052 2421 1107 2452 1111·
1136 2421 1237 2451 ko’nnt
1265 2420 1324 2450 der
1355 2418 1480 2452 Gefahr

812 2468 892 2498 auch
912 2467 1002 2498 nicht
1019 2467 1190 2506 entgehen,
1213 2474 1308 2495 wenn
1325 2464 1380 2496 ihr
1396 2465 1479 2496 nach

811 2511 883 2542 dem
913 2512 945 2552 (ξ
966 2513 993 2550 5)
1024 2511 1211 2551 gegebenen
1238 2509 1324 2540 Rath
1347 2510 1478 2541 neutral

810 2556 939 2588 bleiben
963 2557 1104 2587 wolltet.
1123 2575 1164 2578 —
1180 2557 1289 2598 praet.
1316 2565 1343 2596 q.
1361 2574 1383 2579 -
1399 2554 1480 2596 quid

1532 311 1575 344 28

1528 532 1570 565 29

1527 701 1569 734 30

1527 757 1566 790 31

1526 981 1568 1013 32

1525 1091 1567 1124 33

1521 1262 1564 1297 34
