1715 2723
626 84 750 118 LIBER
766 85 929 119 XXXIV.
955 85 1047 118 CAP.
1067 85 1120 118 29.
1138 84 1192 119 30.
1461 101 1486 118 a.
1502 102 1530 119 u.
1544 94 1605 120 559.

210 90 291 131 314

210 191 359 236 omnia,
382 201 477 239 quae
498 187 544 226 ad
567 188 892 239 oppugnationem
913 187 1019 228 urbis
1040 192 1142 227 terra
1162 188 1337 240 marique
1357 189 1527 229 munitae
1547 189 1606 229 fa-

160 255 180 287 6
209 247 346 286 ciunda
363 257 481 297 opera
496 250 619 290 erant,
641 245 776 284 effecit.
806 245 881 284 iam
898 244 1158 283 testudinibus
1173 245 1338 284 admotis
1354 255 1491 285 murus
1513 246 1607 285 sub-

207 303 403 348 ruebatur,
432 302 508 340 iam
536 301 718 340 arietibus
748 302 1001 353 quatiebatur.
1043 301 1171 352 itaque
1198 312 1275 339 una
1303 302 1446 341 crebris
1467 302 1606 341 ictibus

207 371 339 397 eversa
360 362 419 397 est
438 357 568 404 turris,
591 358 771 409 quodque
793 357 891 397 circa
912 357 1014 396 muri
1035 362 1115 395 erat
1136 369 1228 396 casu
1248 357 1329 396 eius
1345 363 1606 409 prostratum3

160 423 177 454 7
208 421 244 454 et
265 414 431 453 Romani
450 414 565 452 simul
586 426 605 451 a
625 419 759 465 portu,
783 407 885 452 unde
906 415 1030 452 aditus
1051 413 1201 464 planior
1221 418 1318 460 erat,
1348 419 1391 452 ut
1413 415 1607 453 distende-

207 476 293 510 rent
314 471 360 509 ab
381 470 570 521 apertiore
591 470 674 509 loco
696 471 831 516 hostis,
855 470 969 509 simul
992 482 1058 520 per
1077 469 1310 521 patefactum
1327 470 1437 508 ruina
1453 470 1526 509 iter
1546 471 1608 509 in-

161 534 179 566 8
206 539 388 578 rumpere
418 531 618 565 conantur.
666 538 737 565 nec
765 526 929 565 multum
962 526 1075 570 afuit,
1104 526 1216 577 quin,
1248 538 1319 576 qua
1350 526 1606 574 intenderant,

206 588 475 635 penetrarent,
497 583 563 621 sed
585 583 747 621 tardavit
768 583 956 634 impetum
978 595 1113 621 eorum
1136 594 1223 633 spes
1246 582 1391 621 obiecta
1414 582 1608 621 dedendae

205 640 324 685 urbis,
348 652 439 678 mox
461 639 597 677 deinde
620 639 752 677 eadem
775 639 939 678 turbata.
976 639 1232 689 Dexagoridas
1254 644 1290 677 et
1311 639 1506 689 Gorgopas
1527 638 1610 690 pari

159 703 178 734 9
206 696 368 747 imperio
390 700 592 746 praeerant
612 695 709 733 urbi.
750 695 1004 746 Dexagoridas
1027 695 1183 734 miserat
1206 695 1252 733 ad
1275 696 1441 745 legatum
1463 695 1607 734 Roma-

139 756 179 789 10
206 765 300 791 num
322 752 554 790 traditurum
576 763 617 789 se
637 752 793 798 urbem,
822 757 860 790 et
880 763 969 789 cum
1000 752 1045 789 ad
1068 763 1152 789 eam
1173 763 1255 789 rem
1277 756 1432 802 tempus
1453 757 1491 790 et
1510 751 1608 790 ratio

207 808 460 853 convenisset,
483 820 502 845 a
525 807 699 857 Gorgopa
721 807 900 857 proditor
920 807 1157 852 interficitur,
1180 807 1441 858 intentiusque
1462 807 1508 846 ab
1530 819 1608 846 uno

205 864 298 903 urbs
329 863 618 902 defendebatur.
660 869 697 900 et
732 862 921 900 difficilior
955 863 1054 900 facta
1090 863 1323 913 oppugnatio
1361 868 1458 909 erat,
1495 863 1536 900 ni
1563 863 1606 901 T.

206 920 407 966 Quinctius
429 932 518 958 cum
541 923 724 969 quattuor
744 918 897 957 milibus
918 918 1155 957 delectorum
1177 918 1344 957 militum
1365 919 1609 969 supervenis-

139 980 175 1011 11
205 981 276 1015 set.
318 976 350 1014 is
373 988 461 1014 cum
484 975 687 1025 supercilio
709 975 811 1013 haud
833 975 967 1025 procul
996 974 1171 1012 distantis
1198 974 1338 1013 tumuli
1364 975 1410 1013 ab
1432 975 1527 1013 urbe
1547 975 1609 1013 in-

205 1036 392 1070 structam
421 1031 541 1070 aciem
573 1031 820 1076 ostendisset,
849 1036 886 1069 et
915 1043 960 1069 ex
988 1030 1104 1069 altera
1132 1036 1239 1082 parte
1266 1031 1307 1069 L.
1332 1030 1533 1078 Quinctius
1561 1031 1608 1070 ab

138 1092 177 1124 12
205 1088 384 1139 operibus
406 1088 484 1126 suis
505 1092 607 1125 terra
629 1088 803 1138 marique
829 1087 1006 1132 instaret,
1037 1092 1121 1125 tum
1151 1100 1240 1125 vero
1269 1087 1484 1138 desperatio
1507 1087 1606 1126 Gor-

205 1156 330 1195 gopan
352 1156 507 1194 quoque
529 1144 651 1194 coegit
671 1143 705 1181 id
729 1143 895 1189 consilii,
919 1143 1021 1194 quod
1043 1142 1079 1181 in
1102 1144 1221 1182 altero
1243 1150 1368 1182 morte
1390 1144 1607 1182 vindicave-

137 1204 176 1236 13
204 1206 279 1247 rat,
303 1212 456 1251 capere,
490 1204 528 1237 et
549 1205 702 1249 pactuS,
734 1205 777 1238 ut
798 1200 986 1238 abducere
1008 1199 1094 1237 inde
1116 1199 1275 1245 milites,
1310 1212 1406 1250 quos
1428 1199 1607 1250 praesidii

136 1262 178 1293 14
206 1269 318 1295 causa
338 1256 522 1301 habebat,
544 1256 694 1299 liceret,
717 1256 869 1294 tradidit
892 1255 1071 1301 Quinctio
1093 1255 1241 1294 urbem.
1282 1256 1506 1307 priusquam
1530 1256 1606 1307 Gy-

204 1313 338 1351 theum
360 1312 585 1357 traderetur,
608 1312 860 1363 Pythagoras,
891 1312 1105 1362 praefectus
1134 1311 1241 1362 Argis
1269 1313 1444 1358 relictus,
1466 1312 1607 1351 tradita

204 1369 377 1408 custodia
398 1368 504 1407 urbis
525 1368 733 1407 Timocrati
755 1368 971 1406 Pellenensi
999 1380 1087 1406 cum
1109 1368 1211 1407 mille
1233 1368 1508 1407 mercennariis
1530 1368 1606 1407 1111-

203 1426 333 1464 litibus
365 1430 402 1464 et
431 1424 580 1463 duobus
610 1425 764 1463 milibus
792 1425 1020 1475 Argivorum
1041 1425 1369 1463 Lacedaemonem
1402 1425 1447 1463 ad
1470 1424 1606 1463 Nabim

204 1482 319 1520 venit.

128 1535 181 1575 30
318 1537 432 1575 Nabis
460 1537 560 1575 sicut
587 1536 712 1587 primo
742 1536 907 1575 adventu
936 1537 1132 1575 Romanae
1161 1536 1290 1575 classis
1327 1541 1363 1574 et
1398 1536 1605 1575 traditione

251 1647 338 1679 ss—S.
372 1647 545 1687 tcstudin„
569 1648 627 1678 das
645 1647 729 1678 beim
747 1647 868 1679 Unter-

204 1694 327 1733 graben
345 1693 404 1724 der
416 1692 532 1724 Mauer
547 1693 798 1733 (subruebatur)
813 1702 869 1733 ge-

204 1738 363 1769 brauchte
393 1738 614 1777 Sehutzdarh,
644 1738 696 1768 die
724 1738 867 1779 χελώνη

207 1782 400 1824 (Ῡιορυκτίς,
421 1783 483 1823 vgl.
501 1783 555 1821 31,
570 1783 623 1818 46,
641 1783 697 1820 1ος
717 1783 820 1824 Marq.
838 1782 868 1821 3,

941 1647 1102 1688 Holl'nung
1125 1647 1167 1678 ist
1192 1657 1232 1678 an
1256 1647 1308 1678 die
1331 1647 1506 1688 Erregung
1530 1647 1605 1678 der-

941 1692 1055 1723 selbeu
1078 1703 1140 1724 nur
1162 1692 1374 1734 angekniipft,
1397 1703 1423 1724 s.
1443 1703 1469 1724 c.
1490 1692 1541 1731 26,
1567 1692 1604 1731 6;

942 1737 1004 1768 wir
1014 1742 1180 1769 crwarten
1194 1738 1287 1769 einen
1302 1737 1499 1779 Gegensatz,
1514 1748 1540 1768 c.
1553 1737 1604 1778 42,

942 1782 979 1821 63
1004 1783 1034 1821 3,
1060 1784 1112 1822 50,
1139 1782 1189 1814 12.
1215 1801 1259 1805 —
1281 1783 1470 1825 supercilio,
1500 1793 1524 1813 5.
1552 1782 1604 1822 27,

947 1827 997 1866 18,
1018 1828 1066 1865 10,
1085 1828 1153 1868 vgl.
1171 1839 1211 1858 zu
1229 1828 1282 1867 25,
1300 1829 1350 1867 15,
1371 1828 1427 1866 123
1446 1828 1526 1858 iiber
1543 1827 1604 1858 den

942 1871 1014 1903 Ahl.
1037 1872 1089 1909 33,
1120 1873 1150 1911 9,
1181 1873 1210 1903 3.
1241 1890 1285 1895 —
1311 1873 1351 1903 ab
1372 1873 1508 1915 operib„
1539 1882 1605 1903 von

941 1917 1055 1948 diesen
1092 1917 1168 1956 her,
1201 1918 1336 1956 hei-aus,
1377 1917 1459 1948 doch
1490 1917 1605 1948 wiirde

942 1962 1024 1993 ohne
1057 1963 1097 1992 ab
1133 1963 1192 1993 der
1226 1961 1381 1993 Gedanke
1421 1962 1605 1993 deutlicher

207 1828 236 1867 2,
255 1829 329 1858 474.
347 1846 389 1850 —
408 1827 560 1868 quodqu„
578 1838 605 1865 5,
623 1828 676 1867 21,
695 1827 725 1867 S,
744 1829 773 1859 5.
792 1846 835 1850 —
849 1838 870 1858 (ι

201 1875 316 1915 portu,
334 1873 503 1904 entweder
520 1872 619 1903 denkt
637 1872 673 1903 L.
692 1873 869 1903 denselhen

206 1918 309 1948 niiher
333 1918 382 1948 als
401 1917 529 1959 Polyb,
553 1928 592 1948 zu
610 1916 629 1958 ξ
649 1918 678 1958 2,
703 1918 782 1948 oder
801 1918 870 1948 will

206 1972 267 1993 nur
296 1962 347 1993 die
371 1961 534 2002 Richtung
562 1962 718 2002 angeben.
749 1980 791 1985 ——
820 1962 870 1993 di-

204 2006 324 2047 stend,
343 2007 372 2046 3,
392 2007 445 2046 253,
466 2008 492 2046 1,
516 2016 556 2037 an
574 2018 603 2037 u.
624 2007 670 2038 st.
692 2007 868 2048 pr'zignant:

207 2063 247 2082 zu
274 2052 398 2082 theilen
428 2052 593 2091 niithigen.
623 2052 687 2083 und
719 2062 754 2082 so
784 2053 869 2091 (zum

205 2096 319 2137 Theil)
353 2097 508 2127 abziehen
541 2107 605 2127 von
638 2108 667 2127 u.
698 2107 723 2126 5,
755 2107 795 2127 w.
825 2115 869 2120 —

205 2143 377 2184 apertiore
398 2142 430 2180 l.,
461 2141 512 2172 die
538 2152 615 2172 vor·
639 2142 701 2171 und
726 2142 868 2172 1100111101·

205 2187 375 2218 erw'ahnte
399 2187 549 2217 Bresche.
569 2204 610 2208 —
625 2186 736 2228 pates.
756 2197 796 2227 1·.,
816 2187 867 2225 31,

210 2232 257 2273 17,
276 2232 305 2262 2.
325 2249 365 2255 -
385 2242 448 2273 qua
465 2230 602 2270 Intenti„
621 2242 646 2262 5.
667 2233 719 2268 35,
745 2232 792 2264 ll,
816 2231 864 2262 13.

204 2294 247 2299 ——
265 2277 403 2317 obieeta,
429 2276 459 2315 6,
482 2277 530 2313 14,
553 2276 600 2306 12.
619 2294 661 2298 —
682 2286 762 2306 mom
779 2275 821 2316 d..
839 2286 866 2306 5.

206 2320 297 2352 (lm-t.
332 2322 380 2361 10,
416 2321 463 2360 12,
496 2322 545 2361 12²,
575 2326 667 2352 sonst
695 2321 785 2351 mehr
814 2321 866 2351 bei

205 2366 373 2403 Dichtern,
391 2367 456 2407 vgl.
477 2366 594 2397 deinde
608 2368 726 2408 postea
741 2366 791 2402 41,
811 2366 864 2405 21,

206 2411 266 2448 203
295 2412 350 2451 44,
380 2412 432 2451 24,
463 2411 481 2441 9
511 2422 540 2441 u.
565 2411 594 2442 ii.
619 2430 660 2433 ——
683 2411 808 2445 eadem,
833 2411 863 2449 6,

250 2500 347 2531 9-14.
379 2503 411 2531 et
428 2511 514 2540 οιιηι,
529 2500 581 2531 die
595 2500 792 2539 Tiiuschung
806 2500 865 2531 der

943 2007 1023 2038 sein.
1056 2025 1100 2029 -—
1134 2010 1204 2038 tum
1234 2017 1326 2049 vero,
1352 2008 1392 2038 da
1426 2007 1603 2044 natiirlich,

941 2052 981 2082 da
999 2057 1122 2083 niusste
1146 2063 1177 2083 u.
1198 2062 1222 2082 5.
1243 2062 1296 2091 w.,
1321 2053 1387 2093 vgl.
1411 2053 1463 2091 32,
1491 2051 1542 2090 12,
1570 2052 1604 2091 13

943 2097 994 2135 25,
1014 2097 1042 2132 S,
1061 2097 1090 2128 9.
1110 2115 1151 2119 —
1170 2097 1294 2129 traditi.
1313 2116 1333 2119 —
1350 2098 1437 2136 urb„
1461 2107 1486 2128 s.
1506 2094 1603 2127 Huhn

940 2152 968 2172 a.
989 2152 1016 2172 a.
1038 2142 1076 2173 O.
1096 2142 1125 2174 2.
1145 2142 1185 2172 65
1204 2153 1234 2173 u.
1251 2141 1544 2185 485.—p1-aa.«:2·d.
1562 2152 1602 2182 c.‚

940 2197 991 2218 um
1011 2187 1060 2217 als
1079 2186 1210 2226 Schutz‚
1235 2186 1399 2218 Garnison
1418 2198 1458 2218 zu
1475 2187 1602 2218 dienen.

941 2250 982 2253 —
1003 2230 1110 2273 Gytte,
1136 2242 1160 2262 5.
1188 2243 1214 2263 0.
1234 2232 1286 2269 33,
1317 2233 1362 2262 to.
1387 2250 1422 2254 —
1453 2232 1602 2271 relictus,

940 2288 970 2308 n.
989 2286 1016 2306 a.
1037 2275 1174 2308 Nabide.
1198 2296 1241 2299 —
1264 2279 1396 2319 «113111,
1416 2287 1468 2308 0111
1488 2278 1533 2308 sie
1552 2277 1601 2308 als

940 2320 1073 2352 Geiseln
1093 2333 1134 2352 zu
1148 2322 1264 2353 haben.

985 2360 1130 2397 :30-35.
1163 2367 1439 2406 Verhandlungen
1457 2367 1516 2397 mit
1533 2365 1602 2397 Na-

938 2411 998 2442 bis.

988 2457 1073 2487 1-7.
1107 2458 1194 2487 sieut
1211 2461 1286 2493 etc„
1310 2456 1362 2486 die
1380 2456 1481 2487 501100
1499 2455 1603 2487 durch

937 2502 988 2532 die
1020 2500 1217 2541 Auliiiufung
1253 2501 1361 2532 vieler
1392 2500 1600 2532 Nebens'zitze
