1715 2723
129 108 154 126 a.
171 101 223 126 Ch.
238 101 297 125 19⁶.

546 91 667 123 LIBER
684 90 839 123 XXXIII.
866 91 959 124 CAP.
978 93 1028 125 39.
1048 94 1100 126 40.

1437 95 1519 135 249

125 194 265 245 plicere
304 193 454 232 senatui
493 204 573 231 non
606 192 916 238 dissimulabant,
956 194 1183 245 restituique
1218 199 1256 234 et
1293 195 1518 234 Ptolomaeo

127 261 263 288 omnes
283 249 473 294 civitates,
496 261 592 299 quae
614 248 772 287 dicionis
793 248 873 287 eius
893 248 1077 295 fuissent,
1102 263 1269 301 aequum
1291 251 1518 291 censebant:

125 317 215 344 nam
238 305 342 355 quod
363 305 408 343 ad
430 317 494 343 eas
519 304 688 343 civitates
721 304 916 349 attineret,
947 317 1041 355 quas
1069 317 1089 343 a
1120 306 1296 358 Philippo
1322 320 1519 358 possessas
1549 314 1567 345 5

125 361 340 400 Antiochus
360 373 430 411 per
451 359 703 406 occasionem,
725 372 856 399 averso
877 360 1054 412 Philippo
1070 361 1110 399 in
1126 362 1345 401 Romanum
1361 363 1517 410 bellum,

124 416 403 468 intercepisset,
426 416 463 455 id
485 428 572 454 vero
593 416 798 454 serendum
819 428 896 454 non
913 429 1010 463 esse,
1032 417 1227 455 Romanos
1243 432 1311 469 per
1324 424 1383 458 tot
1399 431 1520 458 annos
1548 425 1568 456 6

125 478 228 512 terra
248 473 421 523 marique
442 477 547 511 tanta
572 472 740 523 pericula
772 485 815 511 ac
840 472 990 511 labores
1018 473 1259 519 exhausisse,
1287 475 1519 514 Antiochum

125 528 211 567 belli
232 529 400 579 praemia
420 528 572 566 habere.
612 528 679 566 sed
701 533 743 566 ut
763 528 802 566 in
821 528 950 567 Asiam
972 529 1157 567 adventus
1178 529 1260 568 eius
1289 530 1522 569 dissimulari
1551 536 1567 566 7

125 585 173 623 ab
193 584 378 623 Romanis
398 589 595 635 tamquam
611 583 704 622 nihil
720 584 766 622 ad
783 597 850 622 eos
865 585 1063 635 pertinens
1078 586 1259 636 potuerit,
1282 584 1403 635 quid?
1419 587 1521 637 quod

125 641 200 679 iam
223 641 336 679 etiam
358 640 396 678 in
416 640 612 690 Europam
634 640 815 678 omnibus
835 640 1030 679 navalibus
1050 641 1374 691 terrestribusque
1404 642 1522 692 copiis

125 696 329 741 transierit,
351 701 539 747 quantum
562 709 582 734 a
603 695 702 734 bello
723 701 853 746 aperte
870 697 1055 735 Romanis
1071 696 1213 735 indicto
1230 695 1394 735 abesse?
1415 697 1521 736 illum

126 752 297 803 quidem,
319 753 433 790 etiam
451 752 483 791 si
504 752 543 790 in
563 752 709 790 Italiam
729 752 888 799 traiciat,
909 758 1158 803 negaturum,
1180 753 1377 791 Romanos
1393 758 1521 791 autem

125 820 204 847 non
232 813 515 858 expectaturos,
542 813 586 846 ut
609 808 645 846 id
675 813 806 858 posset
832 809 971 847 facere.

126 864 257 902 mirari
278 877 318 902 se
339 864 431 902 dixit
452 864 649 902 Romanos
669 869 749 902 tam
771 864 971 914 diligenter
989 864 1202 915 inquirere,
1231 864 1323 915 quid
1343 864 1421 915 regi
1441 865 1520 903 An-

126 920 255 958 tiocho
286 920 510 958 faciundum
545 924 610 957 aut
637 932 839 971 quousque
868 925 969 958 terra
998 920 1171 971 marique
1192 920 1519 971 progrediundum

125 976 255 1022 fuerit,
278 976 381 1026 ipsos
403 987 482 1014 non
501 975 679 1026 cogitare,
700 975 827 1014 Asiam
849 976 942 1014 nihil
963 976 1009 1014 ad
1027 989 1067 1014 se
1082 977 1293 1027 pertinere,
1315 988 1386 1015 nec
1402 977 1522 1027 magis
1551 983 1569 1014 2

127 1064 186 1096 20:
211 1064 356 1096 solverat
375 1064 506 1096 Oebalio
529 1064 670 1096 classem
687 1064 727 1095 a'e
749 1064 788 1096 la·-

126 1112 220 1149 tore3
237 1109 317 1140 aber
334 1109 541 1149 gewo'hnlich
557 1120 602 1140 ear
617 1112 734 1150 portu,
760 1120 786 1140 s.

126 1152 221 1185 Caes.
238 1154 272 1184 Β.
292 1153 330 1184 G.
348 1154 380 1191 4,
399 1154 452 1192 28,
473 1154 507 1191 13
527 1153 591 1184 Cic.
612 1152 699 1185 Mur.
719 1155 751 1193 2,
768 1154 788 1184 4

126 1209 157 1230 u.
171 1208 200 1230 a.
219 1216 262 1221 —-
279 1199 391 1229 omm'a
404 1216 423 1220 -
437 1197 580 1236 dissita„
598 1208 662 1229 von
676 1197 711 1228 L.
731 1209 789 1228 zu—

126 1247 263 1283 gesetzt.
280 1260 322 1265 ——
336 1245 369 1273 et
383 1242 525 1274 Ptolom.
541 1243 584 1274 ist
599 1253 634 1274 so
649 1247 788 1283 gesetzt,

126 1288 176 1320 als
203 1288 242 1319 ob
266 1288 349 1318 noch
372 1287 424 1319 eiu
448 1287 584 1318 zweites
609 1287 704 1319 Glied
729 1287 789 1318 mit

125 1335 159 1364 et
175 1333 247 1364 dem
270 1334 408 1364 restitui
427 1333 686 1372 untergeordnet
702 1342 789 1363 wer-

126 1378 188 1409 den
205 1377 321 1417 sollte,
345 1377 497 1418 obgleich
513 1377 621 1409 dieses
640 1376 736 1416 fehlt,
762 1388 787 1408 5.

127 1433 154 1454 c.
174 1422 232 1461 36,
251 1423 286 1460 3,
309 1432 404 1453 wenn
421 1433 494 1454 man
519 1422 608 1454 nieht
624 1427 711 1453 etwa
729 1433 791 1453 vor

127 1468 200 1499 dem
216 1466 424 1508 elliptischen
440 1478 530 1505 ηαηι,
550 1477 575 1498 S.
594 1468 644 1506 10,
661 1467 713 1505 14,
732 1467 790 1505 193

127 1512 187 1553 27,
205 1513 263 1552 50,
283 1512 317 1548 3,
342 1512 468 1543 denken
486 1511 571 1543 will:
596 1515 627 1543 et
644 1512 718 1543 eecli
733 1522 791 1543 αν-

127 1558 223 1588 bibus
244 1567 265 1587 a
288 1556 442 1599 Philippo
467 1558 645 1598 possessis.
690 1556 788 1588 Viell.

127 1601 173 1633 ist
196 1602 254 1632 das
270 1601 457 1632 Anaeoluth
480 1602 671 1632 veianlasst
687 1601 790 1631 durch

126 1645 242 1697 Polyb.
262 1656 289 1677 c.
309 1646 367 1684 33,
392 1655 444 1676 wo
463 1655 496 1677 es
514 1645 632 1677 heisst:
653 1643 671 1676 ὁ
691 1648 791 1686 Κορ-

127 1688 250 1730 νήλιος
280 1687 383 1730 ἠξίου
414 1689 483 1733 μὲι
514 1691 584 1721 καὶ
614 1690 683 1721 τῶν
717 1687 788 1720 ὑπὸ

128 1735 365 1778 Πτολεμαῖοι
393 1736 630 1787 ταττομέιωι
649 1731 792 1765 πόλεων

129 1782 367 1823 παραχωρεῖι
369 1803 377 1819 ,
392 1798 410 1801 -
425 1780 495 1811 τῶν
510 1777 546 1810 «5²
566 1776 636 1810 ἐπὸ
654 1778 791 1810 Φιλιπ-

130 1836 205 1856 πον
224 1822 486 1867 διεμαρτύρετο
505 1822 777 1874 ᾳιλοῑιμωςέξί

131 1873 295 1901 armostai
323 1869 387 1899 und
410 1869 495 1899 daun
523 1868 606 1909 tolgt
636 1879 789 1913 παρηνει

131 1913 170 1946 δὲ
189 1914 248 1945 καὶ
268 1924 338 1945 των
355 1910 570 1945 autonium]
571 1892 790 1954 ”venel-(mem

131 1955 291 1997 πόλεωι,
318 1968 385 1989 uas
405 1958 525 2008 jedoch
550 1958 585 1988 L.
609 1958 699 1989 nicht
722 1956 793 1989 aul-

132 2012 320 2043 genommen
334 2003 399 2044 hat,
417 2003 479 2033 wie
497 2002 548 2033 die
563 2003 660 2034 Antu
665 2007 718 2034 01t
735 2004 792 2033 des

132 2045 257 2087 Konigs
281 2057 308 2077 c.
328 2048 386 2085 40,
405 2048 440 2088 4,
463 2047 494 2077 in
518 2047 577 2078 der
600 2047 708 2079 dieser
726 2046 792 2078 Ge-

132 2092 238 2122 danke
261 2092 469 2132 iibergangcn
492 2092 550 2132 ist,
573 2093 669 2133 zeigt.
692 2111 736 2115 —
759 2091 795 2123 id

132 2146 209 2168 vero
223 2137 300 2167 bere
305 2136 364 2167 itet
378 2147 439 2167 nur
453 2136 618 2168 Romanos
631 2142 706 2176 etc„
724 2147 792 2168 was

132 2181 215 2212 auch
244 2191 307 2211 von
335 2180 516 2222 ferendam
545 2191 609 2212 non
639 2193 711 2213 esse
738 2182 793 2213 ab-

132 2226 252 2266 h'zingt,
277 2236 339 2256 vor
361 2226 425 2256 und
443 2226 533 2257 stelll
552 2236 587 2256 es
604 2226 653 2257 als
672 2227 794 2257 bedeu-

133 2272 211 2302 tend
225 2271 295 2301 dar.
311 2288 354 2292 —
370 2273 419 2300 tot
431 2281 473 2300 an
491 2295 499 2310 ,
514 2275 598 2301 etwa
614 2271 794 2302 vierJahre

135 2332 180 2338 —
196 2316 396 2346 eoelzansc'sse
419 2334 441 2337 —
462 2315 583 2346 habere
600 2330 621 2340 ε
637 2326 710 2346 eam
734 2326 796 2347 em-

136 2360 329 2391 hausissent
345 2378 365 2382 —
381 2360 515 2395 habere,
533 2360 598 2400 vgl.
619 2370 646 2390 c.
667 2360 717 2398 11,
736 2360 766 2391 6.

182 2405 212 2436 7.
237 2407 275 2435 ut
291 2423 312 2426 —
328 2404 424 2445 qaid,
448 2414 474 2435 5.
494 2404 552 2440 34,
577 2404 635 2442 32,
662 2404 718 2443 133
738 2405 795 2435 das

135 2446 212 2488 folg.
237 2448 325 2490 qaod
345 2468 366 2471 —
389 2450 566 2480 transierit
596 2449 797 2480 umschreibt

136 2503 199 2525 nur
214 2494 271 2525 das
290 2493 426 2534 Subject
448 2509 469 2520 =
491 2493 591 2535 qaid?
612 2495 796 2525 transitum

859 1068 952 1108 regis
967 1084 989 1087 —
1006 1069 1168 1106 quantum
1190 1067 1325 1105 abesse,
1348 1066 1412 1097 wie
1436 1067 1471 1105 5,
1492 1067 1521 1105 5,

859 1111 894 1141 4:
924 1109 1023 1151 quid?
1050 1110 1149 1149 illud,
1179 1110 1266 1151 qaod
1286 1129 1307 1132 —
1327 1112 1476 1152 pertimet
1501 1128 1523 1133 —-

859 1155 954 1195 quale
971 1157 1041 1196 est,
1063 1165 1114 1186 wo
1134 1166 1212 1193 nur,
1237 1165 1306 1185 was
1330 1155 1413 1186 auch
1430 1165 1470 1185 an
1488 1166 1521 1186 u.

859 1199 906 1230 St.
938 1199 1030 1230 hatte
1057 1200 1239 1239 geschehen
1267 1199 1411 1238 konnen,
1440 1198 1525 1230 illud

859 1244 1103 1283 vorangestellt
1118 1244 1174 1282 ist,
1190 1244 1256 1285 vgl.
1276 1242 1354 1275 Tac.
1370 1243 1407 1274 H.
1423 1244 1455 1281 4,
1471 1244 1521 1283 17,

860 1299 895 1320 es
925 1289 1026 1320 findet
1053 1289 1124 1320 also
1153 1288 1205 1319 die
1238 1288 1365 1329 hiiufige
1399 1287 1523 1320 Ueber-

861 1332 1084 1374 gangsformel
1106 1333 1207 1375 qnid?
1229 1332 1318 1374 qaod
1338 1333 1410 1364 hier
1433 1333 1523 1364 nicht

860 1383 953 1410 stntt.
998 1378 1065 1409 Der
1093 1378 1261 1410 Naehsatz
1290 1378 1412 1409 konnte
1442 1378 1522 1408 nach

861 1426 898 1455 at
927 1423 976 1454 als
1005 1423 1184 1454 besonders
1214 1434 1255 1453 zu
1283 1423 1440 1454 beachten
1470 1423 1524 1453 be-

861 1468 1010 1499 zeichnet
1036 1468 1184 1506 werden,
1209 1467 1272 1498 wie
1296 1468 1353 1509 28,
1376 1468 1437 1507 41,
1464 1468 1521 1498 11:

858 1516 1101 1555 praeterquam
1125 1512 1213 1554 qaod
1227 1512 1312 1543 m'ln'l
1326 1512 1448 1553 reliqui
1463 1514 1523 1551 est,

862 1557 942 1598 qaid
955 1557 1098 1599 periculi
1110 1557 1243 1588 tandem
1257 1557 1413 1595 adeatur,
1426 1567 1523 1598 quem

861 1602 968 1643 fallit,
994 1602 1075 1632 nach
1089 1604 1347 1644 praeterqaam3
1371 1601 1445 1632 hier
1461 1601 1523 1631 wie

862 1656 902 1677 an
919 1657 950 1678 u.
970 1645 1018 1677 St.
1043 1645 1127 1686 folgt
1145 1647 1226 1677 nach
1243 1646 1324 1687 quid
1338 1646 1397 1676 der
1414 1645 1524 1677 Nach-

863 1695 935 1722 satz
957 1691 989 1721 in
1013 1691 1072 1722 der
1095 1691 1193 1722 Form
1221 1691 1280 1722 der
1301 1690 1424 1731 Frage,
1454 1689 1521 1729 vgl.

863 1736 946 1767 oben
970 1737 1004 1775 5,
1024 1736 1113 1775 5,4;
1138 1735 1173 1773 6,
1193 1736 1311 1773 40,12
1334 1746 1365 1766 u.
1383 1744 1412 1765 a.
1430 1752 1474 1757 -
1490 1736 1523 1765 in

863 1782 924 1811 As.
948 1779 1034 1821 adv„
1062 1790 1089 1811 6.
1116 1779 1152 1819 8,
1177 1781 1207 1810 5.
1232 1798 1273 1801 —
1297 1779 1439 1819 dissita„
1463 1789 1525 1810 un-

863 1824 1016 1856 beachtet
1031 1822 1524 1865 lassen‚vg1.Caes.B.G.1,14,

866 1870 895 1945 3.
915 1872 1088 1910 *tumst
1106 1880 1131 1900 s.
1147 1870 1201 1907 44,
1219 1870 1271 1909 30,
1289 1869 1319 1900 4.
1334 1878 1453 1907 ——eos,
1471 1868 1524 1907 32,

868 1915 944 1954 2,.5
963 1916 1162 1952 —iametq
1180 1914 1270 1953 6.43,
1289 1914 1327 1951 6;
1348 1914 1401 1951 34,
1421 1913 1473 1951 39,
1491 1915 1521 1945 5.

864 1977 906 1982 —
923 1961 1128 2001 neo-atu1.n.
1147 1969 1181 1989 se
1198 1960 1376 1990 transisse

909 1983 982 2035 4οῗ
1006 2004 1083 2035 1-3.
1117 2002 1295 2044 adtezsus,
1319 2004 1395 2040 s.4,
1417 2002 1466 2039 10,

865 2048 908 2079 ib.
927 2049 987 2087 41,
1007 2049 1035 2079 1.
1053 2066 1097 2070 -
1115 2047 1463 2089 Romanos—fecerit,
1484 2003 1523 2078 Li

864 2093 950 2124 1ὲί55ῑ
971 2072 1032 2124 den
1056 2090 1165 2133 Ηὸῃίς
1189 2091 1248 2124 auf
1267 2093 1329 2123 den
1354 2092 1524 2132 allgemei-

864 2148 944 2178 nen,
967 2148 1031 2168 von
1050 2138 1115 2168 ihm
1133 2148 1160 2168 6.
1177 2138 1233 2178 39,
1252 2138 1271 2168 4
1290 2136 1525 2176 eingeschobe-

866 2192 927 2214 nen
942 2182 1020 2213 Satz
1037 2193 1149 2213 omma
1162 2187 1224 2213 otc.
1243 2186 1331 2213 antu
1335 2192 1372 2212 o1
1377 2186 1440 2219 ten,
1460 2190 1525 2212 we-

866 2228 961 2265 niger
978 2227 1151 2268 allgemein
1168 2226 1302 2278 Polyb„
1329 2225 1526 2266 διαποοεῐν

866 2270 955 2303 κατὰ
988 2275 1069 2303 τίια
1103 2270 1214 2323 λόγοι
1246 2268 1525 2312 ιῖαᾳισβητοῦσι

867 2313 962 2358 πρὸς
992 2313 1102 2347 αὐτὸν
1133 2314 1224 2358 ὑπὲρ
1250 2316 1323 2347 τῶν
1354 2313 1428 2346 ἐπὶ
1453 2314 1526 2353 τῆς

869 2347 1015 2396 Ἀσίας
1039 2358 1183 2392 πόλεων
1200 2365 1262 2391 etc.
1280 2377 1324 2382 -ν-
1338 2358 1384 2389 ad
1399 2370 1435 2390 se
1451 2363 1513 2389 eto.
1506 2382 1525 2399 .,

866 2405 954 2436 Pol.:
985 2403 1086 2445 ἠξίου
1115 2403 1233 2454 μηδὲν
1258 2401 1387 2439 αὗτοὶς
1411 2403 1526 2435 πολυ-

868 2452 1102 2503 ποαγμοιεῖν
1133 2461 1189 2480 κα
1187 2446 1298 2480 Ἰόλου
1330 2458 1403 2479 των
1434 2443 1524 2478 κατὰ

867 2492 932 2535 τὴν
974 2492 1116 2526 Ἀσίαν·
1159 2491 1267 2526 οὐδὲν
1306 2489 1376 2537 γὰρ
1417 2488 1526 2527 αὐτὸς

1019 809 1211 847 Adversus
1239 822 1282 847 ea
1308 809 1520 847 Antiochus
1539 806 1592 845 40
