1715 2723
79 139 104 153 a.
121 129 174 154 ch.
189 130 248 153 1113.
538 120 660 153 LIBER
677 119 838 152 XXXIV.
866 120 958 152 CAP.
978 122 1030 152 58.
1402 120 1482 158 355

187 224 244 261 Ad
265 236 310 262 ea
332 223 582 269 Quinctiusz„

76 291 167 318 nera
183 279 463 330 iungendarum
482 279 735 318 amicitiarum
754 291 994 323 enumerare,
1017 291 1086 329 ego
1105 290 1258 329 qnoque
1276 278 1369 316 duas
1387 288 1482 316 con-

75 335 244 374 diciones
265 348 420 387 ponam,
444 342 548 374 extra
571 347 665 386 quas
686 335 831 373 nullam
853 348 937 373 esse
969 335 1047 384 regi
1076 334 1263 372 nuntietis
1292 333 1482 373 amicitiae

73 404 161 430 cum
183 393 328 442 populo
352 393 526 430 Romano
546 391 772 442 iungendae,
794 403 925 436 unam,
948 390 979 429 si
1001 402 1072 428 nos
1093 390 1199 435 nihil,
1223 391 1326 441 quod
1348 391 1393 428 ad
1416 402 1482 429 ur-

71 447 138 486 bes
161 448 271 486 Asiae
292 449 442 493 attinet,
465 460 597 486 curare
615 448 715 494 velit,
739 453 781 486 ut
802 453 840 485 et
860 448 942 498 ipse
966 447 1072 484 omni
1093 446 1247 496 Europa
1268 446 1480 492 abstineat,

72 504 243 549 alteram,
267 505 298 543 si
316 518 355 543 se
378 505 438 542 ille
459 503 570 542 Asiae
588 504 728 542 linibus
745 516 822 542 non
839 503 1035 542 contineat
1051 507 1089 540 et
1106 502 1143 540 in
1162 502 1356 553 Europam
1373 508 1480 540 tran-

72 561 240 605 scendat,
264 569 306 598 ut
326 566 365 599 et
386 561 569 599 Romanis
590 560 650 598 ius
673 560 723 598 sit
744 560 855 598 Asiae
877 559 1086 597 civitatium
1106 558 1293 596 amicitias
1315 564 1352 596 et
1367 559 1479 601 tueri,

72 629 166 667 quas
187 617 364 662 habeant,
388 623 426 654 et
446 628 564 655 novas
585 616 831 667 complecti.“
855 616 1050 653 enimvero
1074 615 1110 652 id
1133 615 1265 653 auditu
1283 614 1398 653 etiam
1421 615 1480 652 di-

69 685 155 710 cere
179 673 377 723 indignum
399 685 484 711 esse
505 673 760 722 Hegesianax,
791 672 974 710 Thraciae
1003 677 1041 709 et
1061 671 1292 709 Chersonesi
1319 670 1480 708 urbibus

70 729 189 767 arceri
211 729 444 767 Antiochum
468 748 506 775 *,
530 742 627 780 quae
652 729 836 767 Seleucus
857 740 1024 779 proavus
1046 727 1128 765 eius
1147 727 1374 778 Lysimacho
1391 738 1480 777 rege

68 784 167 823 bello
190 785 288 824 victo
310 790 347 823 et
368 785 405 823 in
427 785 506 824 acie
529 798 639 824 caeso
662 798 730 836 per
760 797 960 823 summum
991 784 1107 822 decus
1134 789 1242 834 parta
1269 783 1478 834 reliquerit,

68 841 150 891 pari
171 853 258 879 cum
277 841 386 880 laude
409 842 540 879 eadem
559 841 606 879 ab
627 841 840 880 Thracibus
862 852 1053 891 possessa,
1076 840 1215 890 partim
1233 840 1350 878 armis
1371 852 1480 878 rece-

68 898 168 947 perit
190 897 413 943 Antiochus,
437 898 575 948 partim
594 898 758 942 deserta,
781 898 880 936 sicut
901 897 1022 947 ipsam
1047 896 1339 946 Lysimachiam,
1363 901 1400 934 et
1416 908 1477 934 re-

68 953 211 992 vocatis
233 953 446 992 cultoribus
466 954 769 1005 frequentaverit
789 958 845 999 et,
869 965 966 1004 quac
987 958 1104 991 strata
1126 952 1248 990 ruinis
1281 958 1396 1003 atque
1416 952 1477 990 in-

68 1009 212 1047 cendiis
234 1015 354 1055 erant,
377 1010 595 1060 ingentibus
612 1010 798 1061 impensis
815 1009 1081 1048 aedificaverit.
1114 1008 1204 1059 quid
1222 1008 1337 1058 igitur
1353 1008 1477 1046 simile

68 1078 152 1104 esse
173 1078 217 1103 cx
238 1079 279 1104 ea
303 1066 572 1116 possessione,
595 1066 646 1104 ita
667 1074 793 1117 parta,
824 1066 875 1104 ita
903 1070 1148 1116 recuperata,
1179 1065 1315 1103 deduci
1341 1064 1477 1103 Antio-

67 1122 198 1166 chum,
220 1127 257 1159 et
279 1122 476 1160 Romanos
492 1123 683 1160 abstinere
700 1122 800 1167 Asia,
824 1134 922 1172 quae
938 1133 1153 1171 numquam
1170 1133 1307 1159 eorum
1328 1119 1476 1159 fuerit?

66 1178 274 1216 amicitiam
296 1184 474 1228 expetere
498 1179 762 1217 Romanorum
786 1177 1032 1221 Antiochum,
1056 1177 1123 1215 sed
1159 1189 1255 1227 quae
1272 1177 1475 1228 impetrata

65 1234 205 1284 gloriae
227 1234 310 1279 sibi,
334 1246 413 1272 non
434 1235 573 1285 pudori
593 1234 652 1273 sit.
694 1235 740 1273 ad
761 1234 856 1273 haec
876 1233 1080 1280 Quinctius
1102 1233 1474 1284 „quandoquidem“

64 1344 125 1399 nur
147 1368 205 1399 das
229 1368 249 1410 ξ
278 1368 316 1398 10
341 1379 371 1399 u.
404 1368 435 1398 11
459 1379 490 1399 u.
511 1379 539 1399 c.
559 1368 611 1400 58.
631 1378 731 1409 ange-
803 1370 870 1409 est,
895 1370 927 1399 in
946 1377 1027 1409 quo3
1052 1366 1126 1398 Div.
1150 1369 1183 1407 1,
1201 1368 1261 1407 52,
1282 1367 1362 1408 1193
1382 1368 1474 1399 viell.

605 223 787 273 quoniam
804 222 911 261 vobis
928 222 1107 261 distincte
1124 234 1233 272 agere
1255 221 1348 260 libet
1363 226 1400 259 et
1414 234 1480 272 ge-
1507 222 1561 262 58

62 1411 172 1444 siihrte
190 1413 346 1444 Einzclne
364 1411 623 1454 ausgenommen.

107 1474 176 1512 58.
212 1482 222 1511 1
238 1480 298 1512 -3,
337 1481 509 1522 quoniam,
539 1482 606 1522 vgl.
637 1481 657 1523 §a
691 1483 728 1520 ὃς

62 1525 120 1565 21,
149 1525 207 1564 18,
233 1525 262 1557 S.
282 1544 325 1547 —
342 1525 514 1568 distinete,
540 1525 730 1567 Gegensatz

60 1581 101 1601 zu
127 1570 306 1613 perpleoee,
338 1581 366 1601 c.
391 1571 451 1607 57,
480 1573 510 1601 6.
535 1589 580 1594 ——-
603 1582 729 1613 quoque

58 1615 136 1646 heht
172 1626 233 1647 nur
266 1616 325 1646 das
359 1615 486 1655 gleichc
514 1616 728 1648 γει-1131111155

58 1660 199 1699 hervor,
231 1658 379 1691 insofern
408 1660 490 1692 auch
519 1671 556 1692 er
579 1662 728 1692 mehrere

58 1704 186 1736 Punkte
201 1705 367 1745 (obgleich
381 1705 639 1737 verschiedener
652 1706 728 1746 Art)

58 1748 219 1782 aufstellt.
252 1768 295 1773 —
329 1750 538 1782 condiciones
567 1771 586 1774 -
615 1762 728 1792 unam,

57 1805 84 1826 s.
103 1795 162 1835 32,
187 1796 248 1834 38,
266 1796 295 1826 9.
315 1814 359 1818 —
375 1797 497 1837 etipse
516 1796 637 1827 konnte
656 1796 729 1827 hier

57 1839 147 1871 nicht
164 1850 203 1871 an
218 1841 277 1872 der
291 1845 405 1872 ersten
419 1840 523 1872 Stelle
538 1842 664 1873 stehen.
681 1861 719 1864 -

56 1895 135 1916 nam
165 1890 246 1924 etc.,
277 1884 332 1917 fiir
356 1885 469 1916 diesen
492 1885 565 1917 Fall
589 1887 723 1918 werden

57 1930 127 1961 also
145 1930 197 1961 die
213 1930 340 1971 griech.
359 1930 475 1962 St'adte
494 1931 525 1962 in
538 1931 641 1963 Asien
659 1942 723 1962 von

60 1973 140 2006 Rom
162 1974 374 2015 aufgegeben.
398 1994 442 1998 ——
466 1986 568 2007 novas
594 1976 724 2008 bezieht

56 2019 128 2050 sich
152 2018 210 2050 auf
222 2021 283 2050 (len
302 2018 596 2061 Gesaunntbegriff
608 2022 724 2052 civita-

57 2066 143 2095 tium
159 2066 338 2105 amicitias,
356 2065 422 2105 vgl.
442 2065 496 2104 21,
518 2066 567 2105 19,
587 2068 616 2098 ὁ.

101 2129 190 2161 4—7.
217 2131 399 2171 wn'mrero,
425 2140 450 2161 5.
475 2130 530 2169 10,
554 2130 611 2169 35,
633 2131 673 2162 13
691 2142 722 2162 11.

55 2184 85 2205 o.
99 2174 294 2214 vg1.3l,3o‚
308 2175 339 2205 4.
353 2193 396 2197 —
417 2174 723 2217 Tl12·ac.etClzers.,

54 2228 81 2250 s.
107 2219 167 2258 33,
198 2218 279 2250 3511:
307 2237 350 2242 —
373 2231 456 2261 quac
481 2221 563 2252 nach
584 2221 724 2253 urbibus

53 2263 143 2294 wiire
172 2264 441 2304 ungexx'iihnlich,
472 2266 512 2296 da
544 2271 636 2298 sonst
665 2267 722 2298 das

53 2306 213 2340 Neutrum
218 2287 297 2340 ²3wol
317 2311 398 2340 nach
416 2321 480 2351 7',es
499 2321 524 2341 s.
544 2311 596 2348 32,
616 2311 668 2349 29,
688 2314 716 2350 5,

53 2352 133 2385 aber
159 2354 264 2385 selten
290 2355 372 2386 nach
389 2356 531 2387 anderen
552 2356 717 2396 Bigriffen

52 2395 153 2439 folgt3
182 2410 243 2430 nur
266 2399 398 2431 ‘ahnlich
422 2401 467 2432 ist
491 2405 576 2432 etxxa
603 2402 661 2438 31,
687 2402 718 2440 7,

55 2442 112 2480 12·
139 2443 193 2483 3-1,
211 2444 265 2481 40,
284 2446 318 2476 4:
343 2456 399 2483 ea,
427 2447 480 2485 44,
500 2448 530 2485 lv,
549 2447 585 2477 ὃς
609 2446 719 2478 saltus

52 2498 221 2519 —mmm-
233 2489 390 2531 allatum,
403 2470 659 2532 qnacu'ttaquffi
675 2492 716 2523 ib.

54 2531 107 2572 36,
125 2533 162 2572 23
181 2532 249 2565 Cic.
269 2534 358 2567 Fam
382 2536 432 2576 13,
451 2537 504 2577 75,
523 2537 560 2568 2:
585 2547 719 2568 camma

804 1412 850 1444 ist
873 1418 977 1444 etwas
989 1438 996 1452 ,
1022 1413 1104 1443 nach
1122 1412 1257 1453 Madvig
1275 1423 1352 1444 eum
1369 1414 1475 1455 (post-

802 1458 941 1499 quam?)
980 1468 1042 1488 vor
1071 1468 1155 1499 quae
1182 1457 1399 1498 ausgesallen.
1430 1476 1474 1481 ——

801 1502 962 1534 Seleucus
993 1501 1152 1542 (Nicator
1180 1506 1198 1537 †
1225 1503 1325 1541 281),
1355 1503 1473 1535 dessen

802 1548 891 1579 Sohn
927 1558 998 1578 war
1021 1547 1203 1578 Antiochus
1229 1548 1329 1578 Soter
1352 1551 1369 1581 †
1394 1549 1469 1587 261,

802 1592 872 1624 sein
890 1592 997 1623 Enkel
1016 1592 1199 1623 Antiochus
1217 1591 1326 1623 Theos
1344 1596 1362 1627 †
1380 1593 1465 1630 246,

801 1648 866 1668 von
883 1637 1004 1668 diesem
1023 1641 1176 1668 stanuute
1193 1637 1351 1669 Seleucus
1366 1636 1470 1669 Calli—

801 1682 905 1722 nicus,
925 1683 985 1713 der
998 1682 1104 1713 Vater
1115 1683 1173 1713 des
1190 1682 1382 1722 Antiochus,
1396 1683 1468 1714 also

799 1727 899 1769 istpa
902 1737 1004 1758 navus
1019 1727 1108 1758 nicht
1122 1737 1237 1768 genau,
1253 1728 1293 1758 da
1308 1738 1326 1759 v
1331 1727 1469 1759 iclmehr

799 1773 941 1813 abuius,
971 1771 1466 1824 Uru1·grossvate1·,zusagcn

800 1827 888 1855 κν31·,
914 1817 1039 1859 Appian
1065 1822 1138 1858 sagt
1159 1828 1222 1848 nur
1239 1818 1297 1848 καὶ
1312 1814 1467 1869 Θρᾴκην

799 1861 863 1894 ἐᾶν
887 1861 947 1894 δεῖ
970 1863 1041 1894 τῶν
1064 1861 1262 1903 προγόιων
1279 1859 1391 1894 αὐτοῦ
1407 1872 1465 1905 γε-

798 1907 966 1950 ι”ομέιηικ
985 1905 1172 1949 —Lysz'm.
1191 1908 1220 1937 b
1241 1917 1281 1948 υ.,
1299 1908 1352 1947 33,
1367 1908 1420 1949 40,
1434 1908 1465 1939 4.

796 1970 839 1975 ——
854 1962 973 1995 ρε1,ο.
993 1953 1046 1991 51,
1064 1953 1093 1983 5.
1112 1970 1156 1974 —
1172 1954 1253 1994 pan·
1266 1952 1466 1984 c.Iaud31st

796 1997 857 2028 mit
881 1997 1079 2028 Nachdruck
1102 1997 1365 2037 vorangestellt,
1389 1998 1465 2029 das-

797 2042 888 2074 selbe
913 2042 1027 2073 wiirde
1052 2041 1103 2073 bei
1126 2043 1168 2073 ab
1198 2041 1384 2074 Thracibus
1406 2043 1465 2074 der

797 2086 871 2118 Fau
901 2087 990 2127 scin,
1020 2097 1115 2118 xx‘enn
1142 2089 1269 2129 partlm
1297 2098 1464 2129 possessa,

795 2132 859 2163 wie
888 2142 1007 2164 ausser
1036 2133 1096 2163 der
1124 2132 1244 2163 Mainz
1277 2132 1342 2163 alle
1366 2132 1463 2164 Hdss.

795 2177 916 2217 haben,
946 2177 1069 2218 richtig
1099 2177 1206 2214 ware,
1236 2178 1298 2208 und
1323 2176 1360 2208 L.
1393 2177 1465 2209 eine

796 2221 964 2253 mehrsach
981 2222 1183 2263 gebrauchte
1202 2222 1465 2263 wortstellung,

796 2278 822 2298 s.
840 2278 880 2298 zu
899 2267 952 2306 31,
972 2270 1025 2307 45,
1046 2267 1097 2307 13,
1115 2277 1155 2298 an
1173 2279 1203 2298 11Δ
1221 2268 1269 2299 St.
1288 2276 1466 2307 angexven-

789 2312 845 2344 det
878 2312 988 2347 h'a'tte:
1018 2323 1078 2343 zur
1102 2311 1206 2343 Sache
1232 2312 1297 2352 vgl.
1323 2312 1384 2350 33,
1410 2313 1462 2351 33,

794 2358 844 2389 10.
864 2377 907 2379 —
924 2360 1035 2398 erant,
1055 2368 1080 2388 s.
1100 2368 1126 2388 c.
1147 2358 1200 2397 02,
1223 2358 1280 2395 1:;;
1309 2357 1340 2395 2,
1363 2357 1412 2396 15,
1432 2357 1462 2389 3.

788 2420 833 2425 ·—-
850 2403 975 2442 simile,
1002 2414 1029 2433 s.
1049 2402 1243 2442 28,42,3:
1271 2401 1464 2441 35‚16,8:

790 2447 871 2489 qaid
890 2448 998 2479 sz'tm‘le
1021 2448 1130 2477 habet.
1154 2464 1197 2469 —
1220 2449 1253 2477 ct
1277 2446 1389 2487 Hom.,
1413 2447 1464 2478 die

790 2492 907 2524 beiden
954 2492 1212 2524 verschiedenen
1254 2491 1376 2532 Dinge,
1423 2503 1463 2523 zu

791 2539 895 2569 denen
914 2537 995 2579 qnid
1008 2539 1084 2568 sim.
1105 2548 1178 2568 esse
1193 2537 1363 2578 negatives
1378 2535 1461 2568 Pr'a-

1127 2592 1195 2623 23*
