1715 2723
536 134 659 167 LIBER
676 134 835 168 XXXIV.
861 134 954 168 CAP.
971 136 1025 168 61.
1402 136 1482 175 359

81 152 106 169 ι.
122 143 174 170 Ch.
192 143 249 167 193.

79 249 221 277 noxam
242 237 359 276 modo
382 236 448 275 sed
478 236 591 274 etiam
613 241 719 275 extra
740 236 882 275 famam
905 249 1027 276 noxae
1054 237 1354 277 conservandam
1383 250 1482 277 esse.

79 299 235 333 vocatus
263 294 418 332 Ariston
453 305 616 344 purgare
650 305 734 330 sese
762 298 800 331 et
835 293 1059 332 firmissimo
1089 294 1378 345 propugnaculo
1412 294 1480 340 uti,

79 351 181 401 quod
203 350 418 388 litterarum
439 349 536 387 nihil
555 348 599 386 ad
618 360 852 399 quemquam
874 349 1083 395 attulissem
1105 356 1278 388 ceterum
1300 362 1372 389 nec
1392 362 1483 389 cau-

78 418 159 444 sam
182 407 368 446 adventus
390 405 482 444 satis
504 404 729 456 expediebat
750 405 841 443 etin
864 419 909 443 eo
931 406 1099 443 maxime
1121 406 1349 453 haesitabat,
1378 406 1482 457 quod

77 474 166 501 cum
187 463 370 501 Barcinae
390 461 517 500 solum
538 461 716 499 factionis
736 461 962 500 hominibus
983 462 1219 500 collocutum
1238 475 1326 501 eum
1344 475 1482 513 argue-

75 517 181 557 bant.
224 525 306 558 orta
327 518 413 556 inde
435 517 630 555 altercatio
653 522 710 555 est
737 517 818 556 aliis
840 530 909 568 pro
931 518 1172 568 speculatore
1202 519 1482 568 comprehendi

75 574 151 613 iam
173 580 211 612 et
231 574 416 613 custodiri
437 573 668 619 iubentibus,
691 573 773 612 aliis
794 574 1020 624 negantibus
1043 574 1303 612 tumultuandi
1325 587 1479 613 causam

76 643 180 669 esse:
217 630 308 669 mali
335 643 417 668 rem
448 629 612 680 exempli
639 642 725 668 esse
756 630 801 668 de
830 630 949 668 nihilo
978 629 1151 681 hospites
1179 631 1340 681 corripi,
1376 631 1479 669 idem

76 686 450 738 Carthaginiensibus
478 690 516 723 et
543 686 633 737 Tyri
660 691 698 724 et
723 686 762 724 in
791 686 872 724 aliis
908 686 1112 737 emporiis,
1151 699 1228 737 quo
1257 687 1481 737 frequenter

75 747 312 788 commeent,
345 747 587 781 eventurum.
635 742 749 781 dilata
778 755 824 780 eo
857 742 917 780 die
946 755 1007 781 res
1035 748 1107 781 est.
1148 743 1305 781 Ariston
1333 743 1480 782 Punico

74 798 227 850 ingenio
249 799 350 837 inter
369 799 523 837 Poenos
543 811 638 837 usus
665 798 822 837 tabellas
851 799 1088 849 conscriptas
1111 799 1361 837 celeberrimo
1393 800 1478 838 loco

74 867 190 906 super
212 855 344 893 sedem
367 855 598 893 cotidianam
628 855 892 906 magistratum
925 855 1048 906 prima
1077 868 1234 907 vespera
1264 855 1478 906 suspendit,

73 911 154 962 ipse
176 912 221 949 de
242 911 353 949 tertia
375 911 495 962 vigilia
522 923 658 949 navem
689 911 912 950 conscendit
942 916 978 949 et
1006 912 1187 962 profugit.
1229 918 1387 962 postero
1417 912 1478 950 die

74 980 160 1006 cum
183 967 327 1006 sufetes
349 967 395 1005 ad
424 967 481 1005 ius
511 967 715 1006 dicendum
745 968 1036 1013 consedissent,
1067 976 1295 1018 conspectae
1317 968 1478 1007 tabellae

74 1023 329 1075 demptaeque
352 1028 389 1061 et
410 1024 541 1062 lectae.
584 1023 769 1074 scriptum
794 1030 874 1062 erat
894 1024 1112 1062 Aristonem
1136 1024 1310 1075 privatim
1340 1025 1385 1063 ad
1407 1036 1478 1063 ne-

72 1080 231 1125 minem,
254 1080 404 1130 publice
426 1080 472 1118 ad
492 1079 666 1118 seniores
689 1103 738 1107 —
759 1080 808 1118 ita
828 1085 1006 1119 senatum
1024 1081 1211 1119 vocabant
1228 1104 1280 1108 ψ
1299 1075 1479 1120 mandata

71 1135 263 1174 habuisse.
307 1136 501 1186 publicato
531 1136 691 1174 crimine
721 1136 851 1174 minus
885 1137 1031 1175 intenta
1063 1137 1109 1174 de
1138 1137 1269 1187 paucis
1301 1137 1476 1188 quaestio

71 1198 172 1237 erat3
195 1191 298 1230 mitti
319 1197 449 1230 tamen
471 1192 616 1242 legatos
638 1192 821 1237 Romam,
846 1192 912 1243 qui
933 1205 1015 1230 rem
1038 1193 1083 1230 ad
1107 1193 1285 1232 consules
1306 1198 1343 1232 et
1363 1205 1476 1232 sena-

69 1254 153 1286 tum
178 1248 393 1295 deferrent,
415 1248 575 1299 placuit,
606 1247 720 1286 simul
749 1249 811 1299 qui
834 1249 880 1287 de
910 1248 1057 1287 iniuriis
1085 1248 1308 1288 Masinissae
1338 1262 1476 1300 quere-

69 1309 215 1343 rentur.

68 1395 137 1436 vgl.
156 1406 197 1427 zu
222 1394 280 1434 21,
302 1394 339 1434 ὅ,
358 1395 388 1427 5.
405 1412 448 1417 —
465 1397 568 1425 emti-a
584 1405 629 1431 c.,
656 1395 738 1425 ohne

69 1440 205 1472 Antheil
224 1450 264 1471 an
282 1440 340 1471 der
358 1439 490 1479 Schuld,
509 1450 534 1471 s.
553 1439 622 1471 Cic.
636 1439 736 1472 verr.

70 1487 101 1526 5,
121 1486 173 1525 51,
195 1486 271 1516 134:
290 1488 392 1516 eoetra
405 1484 554 1527 culpam3
573 1484 624 1516 die
638 1484 737 1516 Wie-

70 1530 252 1571 derholung
275 1530 334 1561 der
357 1529 491 1571 Priipos.
516 1529 579 1560 wie
598 1531 655 1567 45,
685 1531 735 1569 10,

75 1576 114 1607 10
130 1586 161 1606 u.
181 1586 211 1607 a.

119 1664 210 1695 10—
224 1664 271 1695 16.
299 1665 453 1701 Ariston,
472 1664 617 1695 dieselbe
635 1663 735 1695 Form

70 1709 176 1741 haben
200 1709 221 1751 ξ
242 1709 280 1740 1-1
298 1709 351 1740 die
368 1709 505 1740 meisten
523 1708 597 1740 Hss.
615 1727 659 1731 —
676 1709 737 1750 fir-

70 1756 163 1786 miss.
178 1764 290 1797 prop,
309 1764 345 1785 er
360 1755 451 1785 hatte
464 1754 566 1785 daran
581 1753 736 1784 wirklich

70 1811 101 1831 u.
122 1811 146 1831 s.
167 1810 230 1837 w.;
256 1799 345 1830 nicht
361 1809 424 1841 pro
441 1799 530 1841 firm.
548 1809 645 1841 prop.
663 1818 685 1821 —
703 1801 734 1829 in

71 1855 108 1876 eo
120 1869 127 1882 ,
144 1845 176 1875 in
195 1845 267 1876 dem
285 1843 570 1886 Anklagepunkte.
590 1862 632 1866 —
650 1844 736 1875 Bar-

71 1891 132 1921 cz'n.
151 1890 235 1931 fact.
249 1914 257 1928 ,
283 1889 341 1928 33,
360 1890 419 1927 46,
437 1890 468 1920 4.
486 1908 530 1911 ——
547 1888 621 1920 inde
640 1889 735 1928 dann,

71 1934 102 1965 in
118 1935 220 1974 Folge
235 1934 353 1965 daven.
372 1953 413 1956 —
432 1936 509 1969 iam,
525 1933 609 1973 jetzt
624 1934 735 1974 sehon,

72 1979 131 2010 8118
148 1988 185 2010 er
203 1979 406 2019 vollst'andig
423 1978 598 2010 iiberfiihrt
615 1979 674 2009 sei.
693 1997 735 2001 -—

71 2023 155 2055 mali
168 2033 196 2055 7⁸.
209 2034 277 2061 emi,
296 2024 349 2063 245,
359 2024 389 2063 2,
401 2024 430 2055 2.
446 2043 489 2045 —
501 2023 540 2054 dc
553 2023 666 2062 nihilo,
683 2024 735 2063 30,

71 2068 131 2108 29,
155 2069 192 2099 4:
217 2078 293 2110 spes
309 2078 372 2099 non
391 2068 430 2100 de
447 2068 549 2099 nihilo
566 2071 734 2111 conceptu.

70 2131 114 2136 ·—
136 2115 198 2144 int.
222 2114 342 2151 Poen„
372 2114 411 2145 da
435 2124 471 2145 er
495 2123 529 2145 es
555 2113 614 2144 mit
635 2113 670 2144 P.
695 2124 735 2145 zu

69 2158 150 2189 thun
174 2158 276 2190 hatte.
300 2176 344 2180 —
368 2158 466 2190 celeb.
484 2158 570 2198 loco,
595 2158 732 2201 Appian.

71 2213 99 2234 c.
121 2203 157 2234 8:
191 2201 263 2246 πρὸ
301 2204 362 2234 τοῦ
394 2204 662 2246 βουλευτηρίου.
690 2221 735 2226 -—

71 2247 199 2286 sedem,
224 2247 286 2278 wie
315 2248 372 2279 das
397 2247 556 2280 Tribunal
580 2249 638 2279 dor
661 2247 734 2280 Ma-

72 2293 213 2333 gistrate
240 2293 271 2324 in
296 2292 387 2324 Rom.
413 2312 455 2316 —
478 2295 734 2336 nzslgistratunl‚

72 2348 98 2369 s.
117 2339 154 2377 4,
179 2338 237 2377 20,
256 2338 292 2374 S,
316 2339 375 2369 der
397 2338 527 2379 Plural,
551 2338 628 2369 weil
652 2338 734 2370 zwei

71 2381 206 2414 Sufeten
234 2393 363 2419 waren,
394 2383 414 2425 ξ
442 2384 491 2415 15.
522 2403 561 2406 -—
593 2383 633 2415 de
655 2386 733 2415 tert.

71 2429 156 2469 vign,
180 2429 237 2465 40,
265 2429 380 2467 4,103
406 2428 527 2467 vgl.S,
546 2428 603 2467 23,
627 2430 675 2460 15.
693 2447 736 2451 —

71 2472 212 2512 caused,
230 2472 283 2511 26,
303 2474 353 2511 15,
369 2474 399 2503 8.
416 2492 460 2495 ——
476 2474 621 2516 sufetes,
640 2484 666 2505 s.
683 2473 735 2513 30,

72 2516 109 2556 7,
134 2518 171 2555 53
196 2517 243 2548 sic
267 2517 338 2548 sind
359 2518 447 2558 also,
473 2529 543 2550 was
560 2519 619 2550 der
635 2518 737 2550 Name

73 2561 273 2604 schopbetiln
290 2562 460 2603 bedeuiet,
480 2563 631 2603 Richter,
649 2564 737 2596 Vor-

811 1394 917 1426 sitzei·
939 1395 997 1426 des
1024 1394 1196 1433 Gerichts,
1227 1406 1251 1427 s.
1279 1395 1337 1434 33,
1361 1396 1421 1435 46,
1440 1398 1477 1429 3:

807 1443 959 1482 praetor.
978 1458 1020 1463 —-
1034 1442 1195 1483 prii-alim
1219 1441 1266 1472 ad
1279 1452 1384 1481 norm,
1409 1443 1477 1484 vgl.

810 1485 869 1523 22,
889 1486 950 1521 49,
972 1486 1028 1517 10:
1050 1486 1182 1527 publice
1195 1487 1354 1528 patribus
1370 1506 1390 1509 —
1404 1490 1478 1530 pri-

809 1532 910 1561 valim
938 1532 971 1570 (Ι.
992 1530 1110 1568 Fabio,
1142 1532 1168 1569 1,
1188 1531 1241 1571 ὅθ,
1260 1531 1290 1562 3.
1309 1550 1351 1554 —
1368 1535 1478 1564 senio-

810 1585 880 1607 res.
911 1574 1065 1616 Appian.:
1094 1573 1178 1610 roi-9
1199 1575 1411 1616 βωυλευῑτίςς
1436 1577 1473 1610 L.

809 1619 937 1651 schcint
957 1621 1017 1650 den
1031 1630 1156 1660 ganzen
1168 1620 1268 1652 Senat
1282 1632 1323 1652 zu
1336 1622 1475 1663 denken,

810 1662 1019 1707 σύγκλητος,
1041 1675 1066 1695 s.
1087 1665 1201 1707 Polyb.
1222 1667 1273 1705 10,
1296 1667 1352 1705 18;
1379 1667 1475 1699 Diod.

812 1709 861 1747 14,
878 1710 938 1747 473
955 1710 1006 1751 20,
1022 1711 1075 1749 50,
1089 1711 1245 1741 wiihrend
1257 1721 1290 1742 es
1301 1712 1382 1743 nach
1392 1713 1474 1751 dem,

809 1764 877 1785 was
895 1765 933 1785 cr
951 1754 1002 1791 30,
1025 1755 1075 1794 16,
1094 1757 1110 1785 3
1131 1761 1220 1795 sagt,
1239 1757 1318 1787 cher
1334 1757 1386 1788 die
1406 1757 1474 1790 Ge-

809 1799 900 1831 rusia
918 1809 1006 1837 war,
1025 1810 1065 1831 an
1083 1801 1209 1831 welche
1227 1801 1279 1832 die
1296 1801 1400 1834 Sacbe
1418 1814 1475 1834 zu-

809 1849 878 1875 erst
913 1844 1078 1876 berichtot
1113 1846 1238 1877 wurde.
1290 1846 1473 1888 Uebrigens

808 1889 897 1929 zeigt
919 1890 970 1921 die
993 1889 1200 1930 Erkl'arung,
1230 1891 1294 1923 wie
1318 1903 1345 1923 c.
1371 1893 1430 1931 60,
1454 1895 1472 1926 5

808 1937 930 1973 tectas,
955 1945 981 1966 s.
1001 1936 1060 1975 31,
1087 1937 1142 1975 14,
1168 1936 1202 1975 2,
1226 1937 1302 1968 dass
1325 1938 1385 1969 der
1407 1938 1476 1970 Ab·

808 1979 932 2011 schnitt
968 1980 1059 2012 einer
1092 1981 1316 2021 griechischen
1347 1982 1475 2024 Quelle,

807 2025 1082 2056 wahrscheinlich
1096 2026 1254 2069 Polybius
1269 2032 1474 2060 entnommen

808 2069 861 2101 ist.
903 2069 1033 2102 Anders
1063 2070 1226 2103 berichtet
1248 2071 1363 2104 lustin.
1389 2073 1411 2105 1.
1436 2074 1474 2106 l.:

805 2114 991 2157 perductus
1019 2118 1051 2147 in
1081 2119 1238 2147 senatum
1267 2128 1344 2149 cum
1368 2120 1474 2151 inter-

808 2162 1008 2201 rogaretur,
1039 2160 1086 2192 ad
1105 2173 1200 2203 quem
1226 2164 1352 2194 missas
1373 2166 1474 2206 esset,

807 2205 934 2236 Punico
951 2208 1085 2247 ingenio
1103 2207 1276 2249 respondit
1290 2219 1326 2239 se
1343 2208 1390 2239 ad
1400 2211 1474 2241 zmi-

808 2260 939 2281 versmn
975 2254 1128 2282 senatum
1162 2254 1303 2283 missum
1338 2258 1402 2285 ete.
1431 2272 1473 2278 —=

803 2295 974 2338 publicato
1008 2297 1163 2328 bedeulet
1195 2297 1261 2328 wol
1297 2298 1383 2329 hier:
1421 2297 1474 2331 ffir

807 2340 879 2371 eine
908 2341 960 2372 die
989 2340 1244 2379 Gesammlheit,
1278 2343 1367 2374 nicht
1394 2344 1473 2376 Ein-

807 2386 917 2423 zelne,
962 2386 1164 2418 betreffende
1203 2388 1474 2431 Anscliuldigung

808 2430 952 2469 erkffirt,
976 2432 1058 2463 dazu
1081 2433 1240 2472 gemacht.
1263 2451 1308 2455 —-
1330 2434 1472 2473 intenta,

807 2476 867 2506 mit
880 2474 1079 2508 Nachdruck
1093 2477 1273 2509 betricben.
1290 2497 1331 2500 -—
1344 2481 1378 2510 et
1390 2491 1471 2519 sem,

807 2520 875 2561 vgl.
890 2521 944 2559 31,
958 2522 988 2559 3,
1005 2523 1034 2552 6.
1049 2540 1090 2545 -
1104 2522 1207 2554 simul
1217 2528 1280 2555 etc.
1294 2523 1399 2556 bildet
1411 2526 1472 2557 den

807 2565 1003 2607 Uebergaug
1019 2577 1093 2598 zum
1110 2567 1204 2609 Folg.

1515 302 1554 334 10

1515 358 1550 390 ll

1514 526 1552 558 12

1513 638 1551 670 13

1513 749 1551 781 14

1513 919 1549 951 15

1510 1143 1548 1175 16
