1715 2723
56 125 80 143 2.
103 117 153 144 ch.
173 118 233 144 189.
490 117 615 150 LIBER
639 117 832 151 xxxvm.
858 116 949 149 CAP.
975 119 1028 151 23.
1387 116 1472 158 309

59 221 238 271 protinus
261 220 306 258 ad
334 221 629 271 persequendos
660 220 780 259 hostis
810 220 933 267 mittit,
965 226 1001 259 et
1029 220 1111 271 ipse
1140 220 1253 270 paulo
1285 224 1374 270 post
1393 226 1470 257 tra-

58 277 133 315 dita
161 277 402 327 captivorum
432 277 603 316 custodia
634 276 799 315 tribunis
826 277 990 315 militum
1018 276 1212 327 sequitur,
1241 275 1470 314 debellatum

56 338 174 379 ratus,
193 333 225 371 si
241 333 280 371 in
296 333 359 371 illo
374 346 518 384 pavore
533 345 650 384 quam
666 333 822 383 plurimi
837 333 934 371 caesi
951 334 1080 371 forent
1094 338 1160 371 aut
1173 332 1284 383 capti.
1316 344 1470 382 egresso
1489 339 1511 370 4

59 389 218 428 consule
240 389 278 428 C.
291 390 447 428 Helvius
471 402 559 428 cum
579 389 689 427 tertio
710 389 861 439 agmine
884 389 1047 435 advenit,
1067 401 1139 426 nec
1162 389 1358 427 continere
1378 400 1471 427 suos

56 445 104 484 ab
117 445 330 496 direptione
343 453 558 484 castrorum
570 445 697 491 valuit,
713 445 932 495 praedaque
944 457 1093 490 eorum,
1104 445 1345 495 iniquissima
1357 452 1472 491 sorte,

57 502 124 552 qui
145 514 297 553 pugnae
318 514 398 540 non
409 502 676 547 interfuerant,
698 502 794 539 facta
805 508 873 539 est.
903 502 1050 551 equites
1062 501 1127 539 diu
1140 501 1262 551 ignari
1274 507 1310 539 et
1320 513 1472 551 pugnae

57 564 94 597 et
104 558 283 597 victoriae
299 570 462 596 suorum
485 562 692 602 steterunt,
717 556 856 594 deinde
876 563 912 595 et
929 557 1015 607 ipsi.
1036 564 1223 607 quantum
1247 557 1356 607 equis
1375 557 1470 596 suh-
1491 568 1513 599 5Ἰ

56 615 111 653 ire
142 620 339 665 poterant,
370 625 524 664 sparsos
548 615 636 663 fuga
661 613 787 650 Gallos
809 613 908 651 circa
930 613 1076 651 radices
1100 613 1241 651 montis
1265 613 1472 652 consectati

58 671 229 709 cecidere
249 676 315 709 aut
335 682 482 720 cepere.
508 681 697 707 numerus
718 669 1010 707 interfectorum
1035 669 1136 708 haud
1161 669 1267 707 facile
1289 669 1378 708 iniri
1399 682 1471 720 po—
1491 686 1511 716 6

56 727 141 773 tuit,
171 727 259 776 quia
289 727 360 765 late
390 738 460 776 per
491 725 618 763 omnis
650 727 857 763 amfractus
880 725 1072 764 montium
1094 727 1261 776 fugaque
1282 732 1318 764 et
1339 726 1473 764 caedes

56 783 140 828 fuit,
163 789 199 820 et
218 794 354 832 magna
373 794 462 833 pars
485 781 648 832 rupibus
667 782 780 820 inviis
803 782 843 820 in
864 782 1082 832 profundae
1094 782 1301 820 altitudinis
1314 782 1471 820 conval-
1492 794 1510 824 7

55 839 109 877 les
133 838 285 888 delapsa
308 844 376 885 est,
407 851 497 889 pars
519 838 559 876 in
583 838 687 876 silvis
708 838 970 888 vepribusque
991 838 1127 876 occisa.
1181 838 1373 884 Claudius,
1406 838 1472 888 qui
1493 852 1511 881 z,

56 895 114 934 bis
138 902 354 945 pugnatum
373 895 413 933 in
426 895 592 946 Olympo
615 900 747 933 monte
768 894 910 938 scribit,
934 894 979 932 ad
1005 895 1255 945 quadraginta
1278 894 1379 932 milia
1399 894 1472 932 ho-

56 951 206 991 minum
238 957 372 990 auctor
393 957 451 990 est
474 963 602 997 caesa,
630 951 802 990 Valerius
823 951 974 998 Antias,
1007 951 1073 1001 qui
1103 951 1223 1001 magis
1242 951 1473 989 immodicus

54 1009 96 1046 in
127 1020 292 1046 numero
311 1008 488 1059 augendo
513 1020 595 1046 esse
619 1008 735 1053 solet,
757 1019 836 1045 non
859 1008 945 1058 plus
969 1007 1102 1046 decem
1126 1007 1239 1046 milia.
1285 1020 1474 1046 numerus
1493 1018 1512 1049 9

56 1065 296 1115 captivorum
316 1065 417 1103 haud
439 1064 554 1103 dubie
574 1064 674 1102 milia
696 1064 945 1114 quadraginta
962 1064 1137 1114 explevit,
1161 1064 1248 1114 quia
1264 1064 1391 1102 omnis
1407 1076 1473 1114 ge-

56 1121 160 1159 neris
200 1121 408 1171 aetatisque
445 1120 598 1159 turbam
639 1132 773 1159 secum
803 1126 997 1159 traxerant
1027 1120 1321 1171 demigrantium
1353 1120 1473 1170 magis

58 1189 175 1227 quam
204 1178 244 1215 in
275 1177 417 1216 bellum
449 1177 624 1215 euntium
654 1177 785 1216 modo.
839 1177 976 1215 consul
1001 1177 1117 1215 armis
1137 1177 1308 1215 hostium
1330 1177 1370 1215 in
1394 1188 1472 1215 uno
1498 1191 1536 1222 30

58 1234 311 1272 concrematis
343 1234 498 1272 cumulo
530 1239 694 1272 ceteram
725 1233 906 1283 praedam
934 1235 1113 1271 conferre
1134 1233 1261 1272 omnis
1292 1233 1413 1279 iussit,
1439 1238 1475 1271 et

58 1296 123 1329 aut
152 1290 332 1336 vendidit,
363 1290 468 1340 quod
499 1290 581 1327 eius
611 1289 651 1327 in
683 1289 881 1339 publicum
902 1289 1157 1340 redigendum
1177 1296 1268 1336 erat,
1299 1295 1364 1328 aut
1384 1302 1473 1328 cum

58 1358 160 1391 cura,
188 1353 230 1384 ut
250 1358 366 1396 quam
389 1346 619 1396 aequissima
639 1352 749 1391 esset,
776 1358 846 1396 per
870 1346 1005 1384 milites
1029 1346 1166 1384 divisit.
1205 1346 1345 1384 laudati
1370 1357 1472 1396 quo-
1494 1359 1531 1391 11

59 1414 134 1453 que
163 1414 234 1452 pro
267 1402 446 1440 contione
474 1414 608 1440 omnes
640 1407 750 1448 sunt,

57 1539 90 1567 in
113 1537 167 1567 illo
186 1546 271 1575 pem,
297 1540 404 1576 unter,
430 1535 590 1567 w‘zihrend
622 1535 669 1567 sie
696 1535 728 1566 in

58 1599 101 1604 —-·
124 1582 251 1620 w'ziren,
278 1582 331 1617 33,
358 1583 411 1621 46,
440 1582 477 1621 33
504 1584 557 1617 40,
584 1583 637 1620 47,
665 1583 694 1613 5.

103 1628 203 1660 4—9.
239 1629 395 1658 continere
427 1644 471 1648 —
506 1629 616 1663 valuit
657 1626 728 1657 eine

59 1674 151 1705 mehr
174 1671 228 1703 bei
253 1671 411 1703 Dichtern
437 1683 466 1703 u.
484 1672 645 1713 Sp'atfflen
660 1671 730 1702 sich

59 1718 205 1750 {indende
226 1716 423 1757 Construct„
460 1728 484 1749 s.
516 1717 607 1748 Curt.
640 1718 669 1757 3,
697 1718 729 1755 9,

59 1767 87 1797 5.
113 1782 157 1785 —
178 1766 299 1802 pqaeda
323 1782 363 1785 —
385 1764 420 1803 f.
456 1769 510 1798 est
544 1772 647 1803 gegen
680 1761 730 1793 die

58 1808 172 1850 Regel,
214 1809 287 1840 dass
334 1808 417 1840 alles
456 1808 636 1839 Erbeutete
674 1818 732 1838 zu-

57 1854 361 1894 sammengebracht
380 1854 445 1885 und
464 1858 532 1885 erst
550 1854 634 1885 dann
655 1863 731 1884 ver-

57 1900 155 1932 theilt
196 1899 292 1937 wird‚
326 1910 350 1931 s.
395 1901 425 1940 3,
461 1902 513 1936 70,
552 1901 590 1932 12
624 1910 653 1930 u.
691 1909 731 1939 a.‚

62 1946 171 1986 Lange
200 1947 230 1983 2,
257 1946 333 1978 231.
362 1963 403 1968 -
430 1956 537 1977 eorum
563 1963 605 1967 —
625 1946 731 1985 facta,

59 2001 131 2022 zum
166 1990 275 2022 Besitz
320 1991 416 2022 derer
451 1990 637 2031 geworden,
678 1992 731 2029 45,

60 2039 91 2075 7,
120 2038 150 2075 3,
177 2036 243 2076 vgl.
272 2046 297 2067 e.
326 2038 357 2075 9,
387 2036 435 2068 10.
461 2054 505 2057 —
530 2038 675 2076 z‘m'qmss.
696 2046 732 2073 s.,

58 2081 117 2112 mit
141 2080 338 2112 Nachdruck
355 2081 518 2113 zwischen
544 2093 651 2112 eorum
666 2080 731 2111 und

59 2129 125 2167 qui,
150 2126 285 2167 vgl 25,
304 2128 354 2165 16,
376 2129 404 2160 5.
427 2144 469 2150 -
490 2128 577 2158 haud
592 2128 660 2167 f.czc
687 2137 730 2157 m.

54 2183 101 2211 p„
125 2172 204 2213 App.
230 2182 256 2203 0.
283 2173 343 2227 42.
370 2172 502 2205 ἔκτεινε
531 2173 592 2204 καὶ
627 2182 731 2204 κατε-

57 2214 254 2271 κρήαιισεν
297 2215 404 2255 ὅσους
440 2212 733 2272 ἀριῑὶμήσασθαι

59 2249 120 2294 διὰ
155 2261 195 2295 τὸ
231 2262 376 2304 πλῆθος
408 2260 472 2295 οὐκ
508 2263 550 2306 ἒ)
541 2264 662 2295 ν’..ἔιετο
688 2280 731 2285 --

58 2309 162 2347 rupzb.
204 2319 281 2347 mv„
332 2312 419 2339 entw
424 2309 516 2340 eder.
563 2307 641 2339 weil
688 2325 731 2330 -—-

58 2363 184 2393 waren,
203 2354 297 2385 oder:
322 2364 386 2384 von
415 2354 475 2385 den
498 2353 627 2391 Felsen,
653 2363 678 2384 s.
703 2355 730 2393 1,

59 2400 113 2441 31,
148 2400 185 2431 2:
218 2402 298 2431 caelo
332 2402 484 2438 cecideras
517 2401 570 2438 26,
611 2399 661 2439 19,
692 2401 728 2431 11

59 2455 90 2475 u.
115 2453 143 2475 a.
172 2462 214 2466 -—
241 2447 362 2482 Claud,
401 2446 454 2484 35,
491 2447 542 2484 14,
572 2446 600 2477 5.
624 2461 667 2466 -—
691 2446 735 2476 ad

59 2491 181 2530 quadr„
217 2490 282 2530 vgl.
312 2490 391 2532 App.
420 2490 442 2521 1.
470 2490 491 2524 1,
526 2509 567 2512 -
596 2492 731 2529 immod„

60 2536 114 2575 33,
145 2537 196 2575 10,
223 2537 252 2568 8.
299 2535 359 2567 Die
387 2535 639 2567 abweichenden
660 2534 730 2565 An-

792 1402 1000 1452 donatique
1027 1415 1098 1453 pro
1127 1403 1263 1440 merito
1295 1402 1472 1453 quisque,

798 1535 903 1575 gaben
932 1535 990 1566 der
1010 1534 1207 1566 Annalisten
1235 1535 1308 1567 sind
1335 1535 1407 1567 hier
1440 1535 1472 1566 in

800 1581 860 1612 den
898 1581 982 1611 nach
1019 1579 1136 1622 Polyb.
1179 1581 1368 1621 gegebenen
1410 1581 1472 1612 Be—

798 1626 885 1657 richt
903 1626 1152 1666 eingeschoben,
1176 1626 1385 1667 gew'dhnlich
1408 1625 1473 1658 fol-

799 1682 861 1712 gen
885 1671 932 1703 sie
958 1671 1143 1703 demselben
1181 1673 1276 1714 nach,
1315 1672 1383 1713 vgl.
1418 1674 1472 1713 35,

803 1720 854 1755 14,
876 1718 904 1749 3.

850 1764 992 1796 10—11.
1023 1764 1059 1793 in
1091 1780 1133 1784 —
1171 1765 1306 1802 cumulo,
1343 1762 1410 1803 vgl.
1446 1765 1473 1802 1,

804 1809 864 1847 37,
902 1811 937 1841 5:
970 1810 1078 1847 spoliis
1110 1826 1154 1830 —
1183 1810 1305 1850 *inyemi
1340 1811 1475 1849 cumulo,

801 1856 937 1885 accensis
946 1865 959 1892 ‚·
982 1864 1007 1884 s.
1034 1864 1073 1884 zu
1098 1854 1128 1892 8,
1149 1855 1202 1895 30,
1218 1856 1254 1886 8:
1280 1860 1425 1894 conqesta
1440 1857 1475 1886 in

802 1917 841 1921 -
870 1910 1013 1932 acervum
1046 1900 1172 1931 hostilia
1203 1911 1314 1937 amna,-
1339 1899 1475 1940 Madvig

801 1944 873 1975 will
899 1947 933 1976 in
957 1942 1139 1976 entsernen.
1162 1963 1204 1967 —
1222 1946 1367 1985 conferre
1389 1957 1416 1976 ο.
1436 1956 1473 1985 a,

802 1990 853 2021 die
888 1989 1113 2021 Besitznahme
1153 1989 1174 2031 ξ
1209 1993 1246 2024 4;
1283 2001 1392 2022 eorum
1430 2009 1473 2012 —

794 2037 887 2076 facta
911 2046 983 2066 war
1008 2035 1078 2066 also
1106 2046 1166 2067 nur
1191 2036 1472 2077 voriibergehend.

800 2100 843 2103 -—
869 2088 923 2113 auc
946 2099 990 2103 —-
1014 2088 1079 2120 aut,
1113 2081 1175 2113 deu
1214 2081 1308 2113 einen
1341 2100 1384 2104 —-
1409 2082 1471 2113 den

800 2127 942 2158 anderen
980 2125 1087 2167 Theil,
1126 2129 1180 2167 35,
1217 2129 1245 2167 1,
1293 2129 1351 2167 123
1389 2130 1475 2168 quod

799 2175 864 2204 eius
898 2176 972 2207 etc„
1020 2172 1072 2204 die
1104 2171 1326 2213 Gefaugenen.
1358 2191 1400 2195 —
1439 2180 1474 2205 ut

800 2236 841 2241 —-—
858 2224 943 2256 esset,
961 2218 1103 2249 n'zimlich
1120 2221 1250 2257 praeda,
1276 2219 1334 2250 der
1353 2218 1471 2250 Beute-

800 2263 925 2294 antheil
952 2263 1010 2294 der
1034 2263 1211 2295 Einzelnen
1237 2274 1272 2295 so
1297 2263 1392 2304 billig
1422 2264 1472 2295 als

799 2308 942 2349 moglich
964 2309 1131 2340 bestimmt
1154 2309 1286 2350 wiirde,
1320 2309 1403 2340 doch
1427 2309 1472 2341 ist

800 2355 858 2386 der
899 2354 1072 2386 Ausdruck
1118 2354 1382 2395 eigenthiimlich.
1426 2373 1471 2377 —

793 2411 854 2439 per
889 2403 964 2440 mil„
1006 2400 1107 2431 durch
1142 2418 1185 2422 —
1215 2400 1282 2437 hin,
1321 2411 1356 2431 so
1397 2401 1472 2432 dass

796 2445 892 2486 jeder
926 2463 967 2468 —
1004 2445 1134 2481 erhielt,
1167 2450 1275 2485 uuter,
1318 2447 1372 2487 22,
1416 2448 1470 2487 54,

800 2491 838 2523 2:
861 2502 923 2530 per
945 2491 1094 2532 familias
1117 2502 1186 2523 cum
1213 2493 1398 2524 amisissent.
1427 2510 1471 2514 —

793 2547 856 2576 pro
884 2544 974 2577 cont„
1001 2547 1064 2568 von
1092 2537 1149 2568 der
1177 2540 1276 2569 comio
1301 2537 1473 2579 umgeben,
