1715 2723
489 120 611 154 LIBER
629 121 791 155 XXXIV.
819 122 910 154 CAP.
933 123 981 154 16.
1360 125 1439 164 295

37 139 62 158 a.
80 132 131 157 (⁸11.
148 131 207 156 195.

38 227 144 264 vibus
166 225 244 264 suis
261 223 485 275 castrisque,
507 224 572 262 ubi
593 237 702 275 spem
719 223 791 262 nisi
813 224 852 263 in
869 225 1007 263 virtute
1023 224 1222 271 haberent,
1242 225 1340 265 inter
1355 239 1439 264 me-

38 282 122 320 dios
142 281 274 320 hostes
295 280 485 331 proelium
508 281 720 327 commisit,
743 280 921 326 alterum,
944 281 1047 331 quod
1068 282 1248 320 cohortes
1270 282 1316 321 ab
1332 288 1439 334 tergo
1470 289 1488 321 2

36 337 213 376 hostibus
235 336 396 382 obiecit,
417 337 572 375 tertium
586 367 594 382 ,
624 336 724 387 quod
747 337 956 375 secundam
978 337 1164 387 legionem
1188 339 1324 376 ceteris
1352 351 1438 378 om-

36 394 148 432 nibus
169 393 299 432 essusis
320 393 365 431 ad
387 393 604 444 sequendos
625 393 756 430 hostes
777 394 890 443 pleno
911 393 1030 444 gradu
1051 393 1123 431 sub
1140 394 1258 443 signis
1276 407 1438 446 compo—

35 450 148 488 sitam
175 449 480 500 instructamque
507 448 635 487 subire
665 449 710 486 ad
738 454 890 499 portam
923 453 1139 488 castrorum
1166 449 1302 498 iussit].
1343 451 1438 489 nihil
1469 459 1486 490 3

35 505 172 544 deinde
193 519 213 544 a
234 505 389 544 victoria
410 510 613 543 cessatum.
654 517 743 543 cum
764 505 936 556 receptui
957 506 1065 556 signo
1083 505 1170 544 dato
1193 518 1285 544 suos
1307 508 1439 557 spoliis

35 567 196 601 onustos
217 562 256 600 in
278 566 399 601 castra
416 561 645 607 reduxisset,
666 561 798 611 paucis
815 562 920 599 horis
936 561 1061 599 noctis
1083 561 1129 600 ad
1152 561 1321 612 quietem
1341 563 1439 601 datis

33 618 78 657 ad
102 618 362 669 praedandum
384 617 424 655 in
444 629 555 668 agros
578 617 695 655 duxit.
726 618 898 663 effusius,
920 625 962 656 ut
983 618 1126 668 sparsis
1144 617 1321 655 hostibus
1337 619 1437 669 fuga,
1467 626 1487 658 4

32 674 203 726 praedati
224 679 327 712 sunt.
370 686 466 724 quae
493 685 556 711 res
577 685 656 711 non
679 673 807 712 minus
836 686 950 724 quam
979 685 1105 724 pugna
1132 673 1253 724 pridie
1282 674 1438 714 adversa

32 730 306 781 Emporitanos
326 729 515 780 Hispanos
532 730 758 780 occolasque
777 742 912 768 eorum
930 730 967 768 in
985 730 1219 768 deditionem
1237 731 1436 781 compulit.

32 787 146 825 multi
168 792 207 825 et
227 786 386 825 aliarum
409 785 632 831 eivitatium,
657 787 722 837 qui
749 786 953 837 Emporias
981 786 1248 837 perfugerant,
1278 787 1436 826 dedide-
1466 794 1484 826 5

32 848 123 881 runt
145 855 198 881 se.
239 855 338 893 quos
360 854 495 880 omnes
512 843 722 893 appellatos
743 842 904 893 henigne
926 842 1092 892 vinoque
1114 848 1149 880 et
1172 843 1256 881 cibo
1284 848 1437 883 curatos

33 899 171 937 domos
193 898 349 937 dimisit.
383 898 583 936 confestim
603 898 689 936 inde
707 903 828 937 eastra
847 899 979 944 movit,
1003 904 1051 944 et,
1071 911 1314 949 quacumque
1332 900 1436 938 inee-
1466 906 1485 938 6

33 955 146 993 debat
162 966 311 1006 agmen,
333 954 443 1004 legati
461 955 683 992 dedentium
701 955 870 993 civitates
887 968 974 994 suas
992 955 1257 1000 occurrebant,
1274 961 1323 1001 et,
1346 969 1434 994 eum

31 1010 289 1049 Tarraconem
311 1012 432 1055 venit,
461 1011 536 1049 iam
567 1011 692 1049 omnis
721 1011 772 1049 cis
802 1011 986 1050 Hiberum
1014 1011 1195 1062 Hispania
1219 1012 1435 1062 perdomita
1465 1018 1482 1049 7

31 1073 123 1112 erat,
147 1067 360 1117 captivique
382 1072 420 1105 et
449 1066 611 1105 Romani
640 1072 677 1105 et
702 1067 849 1105 socium
880 1079 923 1105 ae
957 1067 1080 1105 Latini
1108 1067 1296 1111 nominis,
1325 1068 1435 1107 variis

30 1123 182 1162 casibus
203 1123 241 1160 in
264 1122 442 1172 Hispania
464 1122 651 1172 oppressi,
675 1123 821 1161 donum
850 1123 996 1162 consuli
1018 1136 1036 1162 a
1068 1123 1238 1161 barbaris
1272 1124 1434 1162 reduee-

29 1179 183 1218 bantur.
223 1179 326 1216 fama
355 1178 491 1215 deinde
518 1179 693 1228 vulgatur
720 1179 917 1218 consulem
949 1180 985 1217 in
1018 1179 1290 1217 Turdetaniam
1321 1192 1433 1219 exer-
1464 1180 1483 1213 8

29 1234 147 1275 citum
182 1235 411 1279 ducturum,
439 1239 477 1272 et
499 1234 543 1272 ad
567 1234 695 1272 devios
718 1241 923 1273 montanos
946 1235 1162 1285 profectum
1186 1236 1315 1281 etiam,
1336 1236 1432 1275 falso

28 1293 218 1343 perlatum
241 1296 311 1329 est.
352 1290 398 1328 ad
419 1291 523 1329 hune
543 1302 684 1329 vanum
702 1296 739 1329 et
756 1291 837 1329 sine
855 1298 1010 1329 auctore
1026 1291 1105 1329 ullo
1122 1303 1320 1329 rumorem
1340 1291 1432 1330 Ber·
1462 1293 1482 1326 9

27 1348 264 1400 gistanorum
288 1346 446 1386 civitatis
469 1351 617 1397 septem
640 1347 793 1386 castella
816 1348 1050 1386 defecerunt.
1081 1360 1147 1385 eos
1166 1348 1304 1386 educto
1322 1360 1432 1386 exer-

30 1459 178 1498 20,1;s
210 1459 270 1496 35,
289 1458 424 1499 37511:
449 1468 532 1499 qnae
554 1468 618 1489 non
636 1458 690 1498 fe-

29 1506 153 1537 cissent
166 1503 320 1539 lzostilia;
338 1504 390 1541 37,
405 1502 457 1544 53,
468 1502 571 1533 28.—
585 1513 690 1546 comp.

28 1552 138 1583 iustu,
158 1549 224 1589 vgl.
245 1550 296 1589 44,
317 1548 368 1581 3&
391 1549 445 1578 lo:
463 1548 599 1578 stabunt
616 1558 692 1578 eon-

27 1596 132 1638 positz'
145 1595 218 1625 suis
235 1595 372 1634 quisque
385 1592 576 1628 orde'nibnsz
597 1592 690 1623 Curt.

762 1470 869 1501 noque
901 1469 1040 1499 curare,
1075 1469 1100 1490 s.
1121 1459 1157 1497 9,
1190 1459 1242 1500 37,
1267 1459 1305 1498 73
1338 1458 1373 1501 3,
1403 1459 1432 1501 2,

768 1505 824 1542 103
852 1515 914 1535 nur
938 1514 978 1535 an
1002 1515 1033 1535 u.
1054 1504 1102 1535 St.
1127 1505 1202 1535 vino
1225 1506 1258 1535 et
1281 1505 1352 1535 elbo
1376 1514 1432 1536 eu-

765 1560 861 1587 rare,
888 1550 1007 1580 anders
1031 1549 1104 1580 sind
1127 1549 1180 1580 die
1198 1549 1432 1581 Verhiiltnisse

765 1594 819 1634 40,
834 1595 888 1633 47,
904 1595 933 1625 5.
949 1611 991 1616 —
1010 1593 1096 1632 inde,
1115 1604 1173 1625 aus
1188 1594 1246 1624 der
1260 1593 1352 1625 Nahe
1367 1605 1431 1625 von

29 1640 67 1678 4,
85 1641 138 1675 40,
157 1641 192 1669 9:
209 1640 373 1670 instruc-to
391 1638 495 1668 milite
512 1640 545 1668 et
561 1647 694 1679 compo-

30 1686 94 1716 sito
116 1685 270 1726 agmine:
300 1682 506 1723 gew'o‘hnlieh
529 1682 613 1713 wird
636 1693 693 1714 ar-

29 1733 142 1761 matus
165 1731 199 1760 et
220 1730 408 1759 instraetus
432 1727 638 1763 verbunden,
665 1738 691 1758 s.

31 1775 61 1811 6,
82 1775 133 1809 24,
154 1775 191 1811 2,
209 1774 277 1813 vgl.
296 1773 326 1811 3,
346 1772 376 1811 8,
396 1772 414 1803 S
433 1784 462 1803 u.
479 1782 507 1802 a.

75 1822 149 1850 3-0.
174 1830 195 1850 α
214 1820 287 1849 vict.
306 1828 399 1858 cess„
418 1828 443 1848 s.
462 1817 513 1856 31,
536 1816 584 1855 12,
604 1817 632 1848 2.
648 1834 693 1839 —

30 1864 111 1907 spol⁴
132 1874 182 1895 on.
196 1888 204 1903 ,
228 1863 313 1894 Plut.
334 1864 411 1897 τοῖς
431 1860 500 1905 μὲν
518 1859 691 1906 στρατιώ-

30 1920 109 1944 ταις
133 1905 251 1940 πολλὰ
279 1906 379 1950 παρὰ
404 1907 468 1947 τὴν
497 1909 693 1949 στρατείαν

31 1952 281 1998 ὠᾳεληθεῖσιν
298 1957 378 1991 εἴα,
397 1951 463 1992 vgl.
483 1963 523 1982 zu
540 1962 567 1982 e.
587 1952 640 1990 46,
659 1952 688 1982 3.

29 2016 71 2022 -—-
87 1998 203 2041 praed.
223 2000 254 2029 ίη
273 2008 340 2039 agl·
361 2022 369 2037 ,
388 2008 416 2027 e.
439 1998 494 2033 13,
514 1997 543 2026 2.
562 2014 603 2018 —
619 1998 693 2038 prl-

30 2043 98 2084 dia,
116 2042 303 2082 attributiv,
331 2043 364 2081 1,
383 2041 441 2080 39,
461 2042 490 2071 3.
509 2058 551 2063 -
570 2040 692 2084 Empo-

30 2090 76 2122 rit
94 2113 101 2125 ,
123 2098 148 2119 s.
167 2099 207 2119 zu
225 2098 250 2118 c..
271 2087 301 2127 9,
326 2088 372 2117 10.
391 2104 434 2108 —-
451 2085 592 2125 accolas,
610 2087 689 2117 nach

30 2134 214 2164 eivitatimn
249 2132 338 2162 nicht
371 2131 509 2166 Volker,
549 2132 689 2162 sondern

31 2178 179 2209 einzeine
198 2189 237 2208 zu
253 2177 386 2208 soh-hen
400 2176 584 2217 geho'rende
599 2176 692 2216 Orte,

31 2223 96 2255 wol
114 2224 171 2254 der
186 2222 363 2262 Indigetem.
382 2240 415 2243 -
438 2221 692 2264 Empmnperfi,

32 2268 80 2299 als
105 2268 136 2298 in
161 2268 233 2299 eine
260 2267 420 2307 Festung:
446 2266 497 2296 die
522 2266 589 2297 sich
613 2267 693 2298 aber

32 2313 120 2344 nicht
132 2313 243 2344 halten
255 2312 354 2342 kann:
371 2313 402 2342 1⁴11
413 2310 504 2342 dedit
524 2311 692 2353 compulit.

31 2376 73 2381 —
98 2360 169 2389 vino
187 2377 207 2380 -
224 2360 363 2389 carmos
385 2357 472 2387 steht
497 2367 558 2387 nur
581 2356 611 2387 in
636 2357 694 2388 der

32 2401 180 2434 Mainzer
193 2402 291 2436 Hds.;
313 2406 406 2433 sonst
426 2401 525 2432 findet.
543 2402 611 2432 sich
630 2412 694 2433 von

33 2447 92 2479 den
105 2448 258 2479 Soldaten
269 2457 330 2478 vor
345 2447 424 2478 oder
439 2447 519 2477 nach
534 2446 696 2478 Anstren-

33 2503 157 2533 gungen
172 2503 294 2535 eorpus
306 2502 439 2527 curare,
455 2502 480 2521 e.
501 2492 550 2526 13,
569 2493 625 2525 1ος
642 2492 695 2533 31,

33 2537 107 2578 39,1
125 2549 132 2569 2
148 2538 201 2577 21,
213 2538 263 2578 54,
279 2537 316 2571 2:
333 2537 412 2568 oder
426 2537 506 2577 cibo,
521 2537 590 2568 cibo
608 2547 696 2568 som-

764 1638 950 1680 Emporiae,
966 1638 1101 1678 c.13‚2;
1120 1638 1170 1677 14,
1185 1640 1262 1669 l.—
1281 1637 1433 1679 Tarraca,

765 1694 816 1714 wo
859 1682 972 1715 friiher
1012 1683 1218 1723 gewijhnlich
1258 1683 1309 1714 die
1350 1686 1430 1715 rijm.

766 1728 872 1759 Heere
889 1729 1055 1765 laudeten,
1073 1738 1097 1759 s.
1113 1728 1167 1767 22,
1184 1728 1236 1766 22,
1252 1728 1287 1759 2;
1309 1729 1360 1763 26,
1379 1729 1430 1769 19,

768 1774 808 1805 12
827 1784 858 1804 ιι.
877 1784 923 1812 a,
948 1773 1000 1804 die
1018 1772 1113 1804 Stadt
1130 1773 1186 1803 bot
1204 1783 1317 1814 wegen
1340 1774 1432 1806 ihrer

764 1817 975 1859 Befestigung
1009 1818 1102 1849 einen
1132 1818 1282 1849 sicheren
1315 1819 1429 1850 Stiitz-v

765 1864 868 1905 punkt
881 1862 934 1894 fiir
946 1863 997 1894 die
1012 1863 1245 1905 Operationen,
1264 1873 1291 1894 s.
1308 1863 1360 1903 26,
1379 1864 1430 1904 19,

765 1908 803 1945 23
824 1910 877 1947 51,
896 1910 933 1945 03
952 1909 1006 1946 40,
1025 1908 1078 1947 39,
1096 1909 1115 1940 4
1134 1919 1163 1939 u.
1183 1918 1201 1939 a
1218 1932 1225 1943 ,
1243 1908 1380 1940 Hermes
1401 1909 1429 1948 1,

768 1953 847 1989 104,
869 1954 933 1984 und
958 1953 1086 1984 scheint
1108 1953 1169 1984 den
1188 1952 1328 1984 Ro'mern
1354 1958 1428 1985 tren

763 1998 937 2038 gehlieben
956 2009 997 2029 zu
1014 1998 1094 2029 sein.
1113 2016 1155 2020 —
1174 2000 1293 2037 omnis,
1312 1998 1379 2039 vgl.
1399 2008 1426 2030 c.

763 2043 823 2082 20,
852 2043 909 2074 tff.
934 2061 976 2066 —
999 2042 1130 2074 consuli
1149 2043 1278 2074 scheint
1301 2054 1363 2074 nur
1387 2054 1428 2074 zu

764 2088 886 2119 donum
906 2099 945 2119 zu
963 2088 1116 2129 gehiiren,
1135 2099 1160 2119 s.
1182 2090 1212 2127 0,
1230 2089 1289 2127 40,
1310 2089 1348 2120 3:
1367 2099 1427 2120 zur

763 2133 867 2164 Sache
885 2133 950 2174 vgl.
970 2138 1069 2165 unten
1089 2144 1116 2165 c.
1136 2134 1188 2173 50,
1209 2133 1268 2164 5ff.

810 2179 919 2209 9-10.
956 2177 1112 2218 Turdet,
1137 2189 1165 2209 c.
1190 2178 1348 2216 17,1.—
1372 2176 1428 2209 de-

763 2224 832 2254 vios
859 2226 977 2260 momfl,
1007 2233 1177 2263 ungenaue
1203 2223 1430 2263 Bezeiohnung

765 2269 846 2299 nach
864 2269 934 2299 dein
953 2268 1132 2307 Geriichte,
1151 2269 1216 2309 vgl.
1233 2279 1258 2299 c.
1276 2268 1326 2301 20,
1345 2268 1426 2298 1.-

761 2314 922 2356 p1¹0fect.,
941 2314 1005 2354 vgl,
1021 2314 1147 2345 Charis.
1165 2324 1193 2354 p.
1212 2313 1274 2344 213
1292 2312 1333 2344 Μ,
1348 2312 1428 2343 Cato

765 2360 798 2390 z‘n
823 2358 936 2390 eodem
961 2358 1062 2397 (dier.
1081 2358 1160 2390 diet.
1178 2358 1217 2389 de
1240 2368 1327 2389 cons.
1348 2360 1426 2391 suo)

766 2415 840 2443 „me
857 2403 1036 2435 sollscstam
1050 2406 1149 2445 alque
1163 2404 1350 2435 emm-eitam
1369 2403 1428 2433 lm-

766 2449 871 2480 bitnm
896 2460 968 2480 esse
993 2451 1093 2489 atque
1119 2459 1221 2491 porro
1249 2448 1363 2489 fore.“
1388 2465 1427 2471 —-

766 2494 949 2536 Bergz'slwz
966 2518 974 2531 ,
993 2504 1054 2525 nur
1071 2494 1152 2529 hier,
1170 2504 1196 2523 c.
1216 2493 1253 2524 17
1270 2504 1299 2524 u.
1317 2493 1354 2524 21
1371 2502 1428 2534 ge-

767 2543 885 2576 nannt,
911 2539 991 2571 viell
1021 2539 1051 2569 in
1076 2539 1134 2569 der
1153 2537 1244 2569 N'zihe
1267 2538 1324 2569 des
1344 2538 1429 2571 Ver-
