1715 2723
282 161 366 204 350

724 159 849 192 LIBER
873 159 1069 192 XXXVIII.
1096 159 1188 191 CAP.
1214 161 1267 194 43.

1543 166 1569 190 a,
1586 165 1616 185 u.
1637 158 1699 186 5⁶7.

276 270 362 304 sent
382 270 418 303 et
437 263 570 302 eadem
592 262 843 301 oboedienter
864 267 1059 312 praestare
1074 262 1123 300 Μ.
1144 261 1281 300 Fulvio
1309 262 1430 313 parati
1452 267 1591 309 essent,
1611 261 1706 310 bel-5

235 328 256 360 4
274 321 356 360 lum
385 320 532 358 illatum
559 319 696 369 questi,
727 330 840 369 agros
867 318 1040 368 primum
1071 318 1337 369 depopulatos,
1367 324 1560 357 terrorem
1589 318 1696 357 dire-

274 376 417 427 ptionis
445 382 482 414 et
508 375 632 413 caedis
655 374 743 413 urbi
762 374 961 421 iniectum,
986 380 1030 413 ut
1058 386 1104 413 eo
1135 379 1241 413 metu
1263 374 1441 413 claudere
1465 377 1715 426 cogerentur&

234 443 254 474 5
273 437 427 483 portas3
453 430 634 470 obsessos
656 430 795 469 deinde
818 436 855 469 et
875 436 1119 481 oppugnatos
1143 443 1196 478 se,
1217 436 1254 469 et
1274 431 1404 469 omnia
1419 431 1593 482 exempla
1605 430 1710 470 belli<

273 488 372 526 edita
401 488 441 526 in
472 500 513 526 se
544 487 724 526 caedibus
753 486 942 525 incendiis
966 487 1089 526 ruinis
1121 486 1338 537 direptione
1367 487 1488 534 urbis,
1509 488 1715 538 coniuges}

232 549 251 580 6
270 544 413 582 liberos
433 543 474 582 in
496 544 695 582 servitium
726 543 949 590 abstractos,
975 543 1078 582 bona
1106 543 1295 594 adempta,
1326 549 1374 590 et,
1404 543 1509 594 quod
1540 555 1581 582 se
1605 547 1715 582 antevz

271 600 401 638 omnia
420 606 584 647 moveat,
606 600 747 651 templa
776 605 854 638 tota
883 599 980 638 urbe
1007 599 1166 650 spoliata
1197 600 1458 646 ornamentis3
1489 599 1715 638 simulacra*

270 657 399 703 deum,
419 656 512 695 deos
534 656 655 695 immo
680 656 800 707 ipsos,
821 656 1032 695 convulsos
1063 668 1109 695 ex
1133 655 1290 694 sedibus
1310 656 1390 694 suis
1422 655 1566 694 ablatos
1586 668 1693 703 esse3

268 713 432 763 parietes
453 719 663 764 postesque
693 713 870 760 nudatos,
894 724 993 763 quos
1019 712 1192 759 adorent,
1218 712 1264 750 ad
1296 724 1396 763 quos
1418 717 1627 763 precentur
1656 717 1694 751 et

231 773 248 804 7
270 769 499 820 supplicent,
521 769 865 808 Ambraciensibus
895 781 1100 819 superesse
1122 781 1201 807 —:
1232 769 1326 807 haec
1348 769 1546 820 querentis
1567 768 1692 807 inter-

268 825 443 876 rogando
468 826 676 864 criminose
698 838 745 864 ex
766 825 981 875 composito
1006 825 1144 864 consul
1162 825 1208 864 ad
1240 825 1351 876 plura
1378 825 1483 864 velut
1512 837 1593 863 non
1620 837 1692 863 sua

230 895 249 927 8
269 887 408 932 sponte
439 882 601 920 dicenda
632 881 812 920 eliciebat.

866 881 978 920 motis
1008 881 1182 932 patribus
1201 882 1295 920 alter
1326 882 1464 920 consul
1485 881 1524 920 C.
1543 881 1690 919 Flami-

269 938 357 976 nius
373 939 421 977 M.
437 938 562 976 Fulvii
588 950 743 976 causam
764 937 924 988 excepit,
947 938 1013 987 qui
1029 943 1198 976 veterem
1218 938 1318 976 viam
1339 944 1376 976 et
1395 937 1606 976 obsoletam
1624 937 1691 976 in-

228 1002 247 1033 9
269 1006 421 1044 gressos
442 994 737 1033 Ambracienses
761 994 872 1032 dixit:
896 994 950 1032 sic
968 994 1017 1032 M.
1037 994 1260 1033 Marcellum
1280 993 1326 1032 ab
1350 993 1613 1045 Syracusanis,
1636 992 1691 1032 sic

268 1051 312 1098 Q.
336 1051 515 1089 Fulvium
539 1063 558 1089 a
581 1051 786 1101 Campanis
817 1055 1028 1089 accusatos.
1074 1051 1168 1101 quin
1200 1050 1335 1089 eadem
1357 1062 1474 1100 opera
1497 1050 1540 1088 T.
1560 1049 1690 1096 Quin-

267 1107 386 1145 ctium
408 1119 428 1145 a
449 1107 626 1158 Philippo
648 1120 749 1158 rege,
769 1107 830 1145 Μ’.
852 1106 1017 1145 Acilium
1046 1112 1083 1145 et
1103 1107 1145 1145 L.
1166 1106 1387 1157 Scipionem
1415 1106 1461 1145 ab
1482 1105 1689 1153 Antiocho,
1712 1148 1714 1150 v

266 1163 334 1202 Cn.
356 1163 542 1202 Manlium
564 1176 585 1202 a
607 1164 730 1210 Gallis,
760 1164 890 1214 ipsum
912 1163 961 1202 M.
984 1163 1164 1202 Fulvium
1190 1163 1236 1201 ab
1258 1163 1401 1202 Aetolis
1432 1169 1468 1201 et
1489 1162 1688 1213 Cephalla-
1710 1164 1713 1165 ⁷

204 1221 246 1254 10
265 1220 350 1258 niae
378 1220 533 1271 populis
559 1221 729 1258 accusari
759 1217 1014 1270 paterentur?

1059 1219 1328 1266 „Ambraciam
1359 1224 1621 1270 oppugnatam
1652 1223 1690 1259 et

265 1281 414 1327 captam
445 1282 482 1315 et
510 1277 617 1327 signa
645 1276 735 1315 inde
766 1282 1072 1327 ornamentaque
1099 1276 1218 1315 ablata
1244 1282 1281 1315 et
1299 1282 1423 1314 cetera
1453 1277 1562 1322 facta,
1589 1287 1688 1325 quae

266 1332 384 1383 captis
416 1332 579 1372 urbibus
611 1334 770 1379 soleant,
799 1339 1030 1383 negaturum
1061 1339 1126 1371 aut
1165 1345 1227 1371 me
1266 1344 1338 1383 pro
1374 1333 1423 1371 M.
1453 1331 1590 1370 Fulvio
1621 1337 1689 1371 aut

265 1488 502 1530 entsprechend
524 1494 689 1527 praestare
713 1489 827 1520 Fulvio
836 1502 847 1528 ,·
871 1489 936 1519 An-

264 1534 341 1565 dere
360 1533 451 1565 lesen
465 1546 484 1565 a
496 1535 675 1573 prioribus.
692 1552 734 1555 —
752 1536 863 1574 questi,
886 1533 937 1565 die

264 1578 353 1610 Rede
362 1579 407 1610 ist
418 1577 439 1620 ξ
450 1581 468 1612 7
488 1579 547 1610 mit
555 1582 627 1611 baec
636 1583 796 1620 querentis
808 1580 937 1619 anders,

263 1625 312 1655 als
337 1625 568 1666 urspriinglich
600 1624 822 1666 bcabsichtigt
853 1635 934 1665 war,

262 1668 475 1710 fortgefiihrt,
495 1670 561 1711 vgl.
577 1672 604 1710 1,
626 1671 730 1711 35,6;
752 1670 794 1701 ib.
813 1672 868 1707 47,
885 1672 936 1709 10,

262 1715 354 1746 nicht
374 1722 450 1747 sum
478 1726 517 1747 zu
548 1718 658 1756 questi,
685 1725 712 1748 s,
742 1716 796 1755 29,
828 1717 878 1755 10,
908 1718 936 1755 1,

263 1761 342 1792 oder
383 1761 502 1792 daraus
543 1771 614 1792 zum
653 1760 678 1791 F
683 1760 748 1802 olg.
786 1763 937 1793 dzkcerum

262 1816 302 1837 zu
338 1806 474 1847 denken,
514 1817 539 1838 s.
578 1807 631 1845 33,
675 1807 725 1845 12,
763 1808 793 1839 3.
827 1824 870 1828 -
903 1817 935 1838 eo

261 1858 354 1887 metu,
380 1862 406 1883 c.
435 1853 488 1892 34,
520 1854 547 1884 1.
576 1870 619 1873 —
645 1854 783 1891 exempla
803 1853 840 1891 b.,
859 1852 936 1892 alle,

261 1897 305 1928 im
332 1895 424 1938 Folg.
458 1895 667 1938 angefiihrte,
704 1897 936 1929 Schrecknisse

262 1942 318 1974 des
344 1941 494 1983 Krieges,
521 1942 572 1973 die
597 1943 647 1974 als
679 1942 839 1985 Beispiele
866 1942 935 1974 die-

263 1997 324 2019 nen
352 1988 491 2028 ktinnen,
520 1988 585 2029 vgl.
612 1990 666 2028 21,
703 1991 755 2031 57,
793 1990 851 2028 143
877 1990 938 2028 29,

262 2035 292 2073 9,
339 2035 377 2066 12
412 2045 443 2065 u.
480 2044 508 2064 a.
543 2052 585 2055 ——
618 2036 688 2065 deos
730 2036 822 2066 immo
860 2038 933 2074 etc„

260 2078 406 2110 iusofern
439 2079 491 2110 die
519 2078 747 2111 Giitterbilder
780 2079 829 2110 als
867 2079 932 2111 Re-

261 2125 496 2165 priisentanten
521 2125 579 2155 der
599 2123 718 2156 Gotter
742 2125 800 2155 mit
823 2125 934 2156 diesen

260 2169 463 2209 identificirt,
490 2169 522 2200 in
545 2169 645 2210 jenen
668 2170 756 2202 diese
786 2169 934 2202 entfiihrt

263 2216 407 2254 werden,
449 2215 514 2247 Cic.
557 2215 652 2247 Verr.
700 2218 732 2255 4,
776 2216 829 2255 33,
874 2217 933 2248 72:

262 2263 453 2293 translatum
496 2263 723 2299 (simulacrum)
764 2279 805 2284 —
838 2264 934 2302 (liqna

263 2306 397 2347 (Diana)
436 2308 623 2345 videbatur;
662 2306 743 2338 iiber
784 2309 874 2338 immo
911 2317 935 2337 s.

261 2354 314 2389 35,
351 2354 404 2391 49,
446 2354 497 2384 13.
530 2370 572 2373 -—
602 2354 719 2383 ablatos
751 2351 795 2383 ist
833 2352 935 2383 ueben

260 2400 420 2429 convulsos
447 2396 539 2428 nicht
566 2397 770 2437 iiberssiissig,
805 2397 835 2427 in
866 2397 935 2429 die-

260 2452 326 2473 sem
341 2442 430 2473 nieht
444 2442 613 2483 begriffeu,
630 2443 696 2483 vgl.
713 2442 778 2473 Cic.
795 2442 892 2476 Verr.
904 2445 934 2483 4,

261 2488 315 2526 43,
349 2489 401 2521 94.
434 2506 477 2509 »-
505 2491 644 2527 parietes
677 2507 719 2511 ——
758 2499 935 2527 superesse,

262 2531 327 2563 Cic.
351 2532 392 2564 ib.
418 2535 470 2572 59,
502 2535 587 2573 1323
615 2536 666 2573 55,
698 2535 777 2566 122:
797 2537 936 2573 parietes

260 2594 304 2599 —
331 2580 430 2609 nudos
454 2590 489 2609 ac
524 2580 725 2619 deformatos.
751 2597 794 2601 —
820 2586 935 2617 postes.

1009 1488 1061 1519 die
1095 1486 1305 1519 Postamente
1347 1488 1405 1519 der
1440 1486 1685 1527 Go'tterbilder3

1008 1533 1073 1564 Cic.
1102 1532 1197 1565 Verr.
1230 1536 1260 1572 4,
1296 1534 1350 1573 34,
1385 1535 1437 1566 74.
1467 1550 1510 1555 ——
1534 1535 1578 1564 ad
1608 1543 1686 1573 quoe

1000 1591 1070 1619 pr„
1102 1589 1174 1619 vor,
1202 1579 1295 1610 oder:
1324 1589 1365 1609 zu
1392 1579 1496 1610 denen
1520 1589 1551 1610 u.
1577 1588 1603 1609 s.
1631 1587 1685 1618 w.,

1008 1624 1073 1665 vgl.
1103 1625 1157 1664 26,
1185 1625 1239 1663 30,
1265 1626 1304 1664 93
1333 1623 1399 1655 Cic.
1427 1623 1500 1655 Div.
1526 1623 1559 1654 in
1585 1622 1682 1656 Caec.

1009 1672 1038 1709 1,
1065 1671 1101 1702 3:
1127 1680 1191 1701 sese
1222 1671 1285 1700 iam
1316 1680 1355 1700 ne
1385 1672 1456 1702 deos
1487 1670 1614 1709 quidem
1639 1686 1683 1691 -

1006 1717 1051 1746 ad
1077 1726 1155 1756 quos
1181 1715 1397 1757 corificqerent,
1425 1716 1545 1746 habere.

1052 1807 1173 1838 7—11.
1212 1807 1349 1845 crimin„
1386 1815 1421 1837 so
1458 1805 1533 1836 dass
1566 1814 1603 1836 er
1634 1804 1683 1836 sie

1007 1861 1079 1882 zum
1114 1850 1323 1891 vorbi-ingen
1357 1860 1457 1883 neuer
1490 1849 1684 1882 Beschuldi-

1008 1906 1138 1937 gungen
1157 1897 1376 1936 veranlasste,
1396 1896 1460 1928 Cic.
1482 1895 1551 1928 Mil.
1580 1897 1610 1935 3,
1641 1898 1681 1928 S:

1005 1953 1075 1973 cum
1112 1953 1132 1973 a
1161 1944 1299 1974 Carbone
1331 1959 1375 1963 —
1405 1944 1547 1974 seditiose
1577 1943 1680 1974 inter-
1692 1949 1701 1951 ·’

1004 1994 1182 2028 roqaretur,
1220 1998 1260 2018 zu
1302 1988 1355 2026 27,
1400 1988 1453 2028 28,
1497 1988 1527 2019 3.
1564 2004 1607 2008 —-
1639 1989 1686 2019 aa

998 2036 1100 2072 plura
1133 2035 1264 2064 dicenda
1302 2033 1407 2073 hiingt
1444 2042 1509 2063 von
1546 2034 1682 2064 eliciebat

1004 2078 1055 2115 ab,
1088 2081 1170 2110 »velut
1204 2089 1238 2112 n.
1271 2089 1295 2109 s.
1322 2090 1369 2118 sp.
1405 2078 1450 2109 ist
1485 2077 1682 2109 verkiirzter

1004 2123 1359 2164 Vergleichuugssatz,
1415 2126 1499 2155 velut
1548 2134 1613 2154 non
1655 2134 1681 2154 e.

1003 2176 1110 2208 sponte
1134 2172 1252 2201 dicturi
1266 2170 1423 2210 fuerint,
1449 2168 1529 2200 aher
1555 2167 1604 2200 als
1617 2168 1680 2200 Be-
1706 2175 1715 2183 “

1003 2214 1179 2255 stimmung
1205 2225 1247 2245 an
1267 2217 1398 2246 dicenda
1414 2213 1679 2255 angesehlossen,
1708 2235 1709 2238 =

1007 2260 1074 2301 vgl
1101 2270 1127 2291 c.
1152 2262 1203 2300 15,
1231 2262 1259 2293 5.
1285 2278 1327 2283 —
1356 2262 1502 2301 eliciebat,
1536 2260 1589 2295 32
1623 2260 1679 2299 20,
1702 2282 1715 2294 .-

1007 2308 1036 2338 7.
1071 2323 1114 2328 -—
1146 2317 1258 2345 eoecep,
1294 2307 1325 2345 4,
1359 2307 1414 2345 43,
1452 2307 1490 2338 6:
1521 2307 1682 2344 exeipz‘unt

1010 2354 1155 2383 omissam
1193 2351 1278 2390 (rem)
1304 2352 1438 2390 mibum',
1471 2350 1538 2391 xstgl
1570 2360 1596 2380 c.
1624 2351 1680 2389 42
1714 2355 1715 2358 ’

1006 2398 1043 2430 9:
1071 2398 1286 2429 intercedebat.
1318 2414 1361 2418 -
1394 2398 1496 2434 obsol„
1530 2395 1595 2436 vgl.
1621 2396 1676 2436 37,

1009 2445 1037 2482 1,
1071 2443 1102 2474 9.
1133 2460 1170 2464 —
1196 2444 1352 2481 Marcell„
1387 2443 1440 2482 26,
1479 2442 1540 2480 30;
1572 2442 1677 2482 Γαῖα,

1005 2490 1060 2527 26,
1099 2489 1150 2521 27.
1186 2505 1229 2510 —
1259 2490 1326 2519 ead.
1368 2498 1429 2526 ομ,
1467 2485 1526 2516 mit
1562 2485 1614 2517 ein
1644 2496 1678 2519 u.

1005 2533 1177 2565 derselben
1215 2533 1421 2573 Bemiihung,
1461 2541 1486 2563 s.
1521 2541 1560 2562 zu
1589 2533 1608 2571 ξ
1645 2532 1677 2563 2.

1004 2581 1104 2617 captis
1144 2590 1172 2610 n.
1218 2581 1266 2618 vi,
1302 2578 1363 2617 26,
1397 2579 1459 2617 46,
1507 2579 1565 2619 10,
1610 2576 1678 2616 vgl.
1705 2580 1713 2605 ’.
