1715 2723
124 1063 162 1095 11

124 1173 164 1206 12

125 1287 163 1319 13

196 110 278 149 216

649 105 774 139 LIBER
790 105 949 138 XXXIII.
974 105 1066 138 CAP.
1086 105 1139 137 20.

1453 121 1480 139 a.
1496 121 1524 140 u.
1539 115 1601 142 557.

196 210 315 250 stellis
336 212 401 248 aut
421 213 530 248 metu
549 213 615 248 aut
634 209 831 248 voluntate
851 208 933 247 sine
955 207 1164 247 certamine
1185 207 1226 246 111
1251 207 1445 249 dicionem
1465 222 1601 262 accep-

146 276 166 308 6
194 267 242 305 tis
260 265 504 305 Coracesium
524 270 677 316 praeter
697 278 805 317 spem
823 265 963 303 clausis
979 264 1102 315 portis
1118 264 1275 303 tenebat
1289 277 1391 304 eum.
1422 266 1474 305 ibi
1490 266 1602 318 legati

194 322 438 361 Rhodiorum
459 322 589 361 auditi.
626 327 664 360 et
684 333 922 373 quamquam
944 333 987 361 ea
1002 321 1138 372 legatio
1161 325 1253 367 erat,
1277 333 1374 372 quae
1393 323 1602 362 accendere

145 387 163 418 7
193 378 342 430 regium
372 379 544 417 animum
571 384 714 430 posset,
743 377 974 428 temperavit
1003 377 1082 416 irae
1112 381 1151 415 et
1180 377 1322 428 legatos
1351 390 1392 416 se
1419 378 1603 418 Rhodum

196 435 412 473 missurum
431 435 632 486 respondit
652 435 774 486 iisque
796 434 1093 479 mandaturum,
1125 437 1169 472 ut
1199 439 1432 472 renovarent
1450 439 1604 474 vetusta

195 491 277 530 iura
304 504 393 530 cum
414 503 458 530 ea
487 491 639 530 civitate
675 503 744 529 sua
773 491 1046 542 maiorumque
1074 502 1237 528 suorum
1268 495 1306 528 et
1334 495 1506 530 vetarent
1533 504 1602 530 eos

194 548 469 599 pertimescere
490 548 700 586 adventum
720 547 820 598 regis
833 578 841 593 ,
876 547 970 585 nihil
992 551 1059 586 aut
1080 546 1125 584 iis
1148 551 1213 585 aut
1233 546 1347 585 sociis
1369 559 1507 586 eorum
1527 559 1602 586 no-

147 611 167 643 8
195 604 278 643 xiae
299 604 478 643 futurum
494 603 684 642 fraudive:
707 615 799 642 nam
815 603 1083 642 Romanorum
1101 602 1309 641 amicitiam
1325 616 1366 642 se
1382 615 1464 642 non
1482 603 1602 642 viola-

193 665 344 706 turum,
368 665 596 711 argumento
619 665 655 698 et
677 672 786 698 suam
807 665 1005 699 recentem
1027 660 1074 698 ad
1095 672 1161 698 eos
1191 659 1421 710 legationem
1450 672 1536 699 esse
1566 665 1605 699 et

146 724 166 756 9
196 721 353 756 senatus
375 716 588 755 honorifica
604 716 645 755 in
666 729 708 755 se
729 717 881 756 decreta
896 728 1172 768 responsaque.
1194 721 1280 754 tum
1296 716 1396 755 forte
1412 716 1525 768 legati
1539 728 1603 755 re-

195 773 344 812 dierant
371 773 416 811 ab
438 773 563 811 Roma
590 772 752 811 comiter
779 772 899 811 auditi
921 773 1165 823 dimissique,
1185 777 1230 811 ut
1250 777 1405 823 tempus
1426 773 1602 824 postula-

127 836 166 868 10
193 829 276 875 bat,
298 829 446 867 incerto
476 829 602 867 adhuc
628 829 808 867 adversus
836 829 1058 880 Philippum
1079 833 1219 867 eventu
1249 828 1350 867 belli.
1390 842 1479 868 cum
1508 830 1604 868 haec

194 885 307 936 legati
326 886 425 936 regis
446 885 484 923 in
506 885 687 923 contione
707 885 949 924 Rhodiorum
970 889 1143 936 agerent,
1167 885 1327 923 nuntius
1347 886 1450 923 venit
1470 885 1602 924 debel-

191 941 315 980 latum
334 942 381 980 ad
404 941 707 992 Cynoscephalas
729 954 824 980 esse.
860 941 934 980 hoc
954 941 1090 980 nuntio
1112 945 1269 991 accepto
1285 941 1427 980 Rhodii
1443 941 1601 993 dempto

193 1003 302 1036 metu
322 1010 343 1036 a
365 997 542 1049 Philippo
561 998 778 1036 omiserunt
799 998 1002 1036 consilium
1025 997 1178 1036 obviam
1195 996 1310 1035 eundi
1328 997 1447 1037 classe
1464 997 1601 1036 Antio-

194 1054 285 1102 cho3
314 1054 418 1093 illam
441 1051 598 1093 alteram
621 1066 754 1093 curam
776 1066 855 1093 non
877 1054 1095 1093 omiserunt
1115 1053 1280 1092 tuendae
1301 1053 1488 1093 libertatis
1511 1054 1602 1093 civi-

192 1115 318 1149 tatum
338 1111 531 1149 sociarum
552 1110 788 1157 Ptolomaei,
812 1111 949 1162 quibus
970 1110 1114 1149 bellum
1136 1110 1182 1148 ab
1206 1109 1397 1149 Antiocho
1418 1110 1602 1149 immine-

192 1166 269 1205 bat.
300 1179 391 1205 nam
409 1167 500 1206 alias
517 1167 665 1205 auxiliis
682 1167 873 1213 iuverunt,
895 1167 988 1205 alias
1004 1166 1241 1217 providendo
1258 1167 1601 1217 acpraemonendo

194 1228 354 1262 conatus
375 1224 514 1269 hostis,
546 1236 737 1274 causaque
756 1223 941 1262 libertatis
961 1224 1120 1262 fuerunt
1141 1222 1293 1261 Cauniis
1313 1222 1474 1273 Myndiis
1496 1223 1603 1261 Hali-

192 1280 508 1319 carnassensibus
532 1280 761 1331 Samiisque.
802 1291 882 1318 non
903 1292 1042 1331 operae
1066 1283 1123 1317 est
1144 1279 1338 1330 persequi,
1361 1284 1404 1317 ut
1425 1291 1601 1331 quaeque

191 1404 380 1436 Ptolemiier
398 1414 561 1445 gewesen.
578 1422 621 1428 —-
644 1407 678 1436 in
696 1405 860 1436 dicionem

192 1460 252 1487 ac„
272 1460 298 1481 s.
313 1449 365 1489 38,
381 1451 433 1486 31,
449 1452 482 1480 o:
501 1449 547 1481 ad
562 1451 677 1481 urbem
694 1450 860 1481 Lacedae-

192 1505 322 1526 monem
342 1496 373 1526 in
392 1495 491 1537 fidem
506 1495 734 1536 dicionemque
744 1495 864 1537 populi

193 1540 234 1572 R.
257 1539 502 1582 aect‘piendanm
533 1541 585 1577 21,
605 1541 657 1579 151,
680 1541 716 1571 7:
747 1543 778 1571 in
807 1542 861 1571 ius

193 1584 420 1626 dicionemque
450 1587 590 1628 recepit,
622 1585 689 1625 vgl.
720 1585 801 1616 oben
830 1596 858 1616 c.

197 1631 247 1669 19,
268 1630 304 1667 83
330 1630 413 1661 doch
435 1634 509 1669 sagt
532 1630 569 1661 L.
595 1630 801 1670 gew'dhnlich
827 1631 859 1660 in

192 1674 394 1706 deditionem
411 1676 573 1717 accipere,
593 1685 619 1706 5.
638 1675 667 1709 8,
689 1675 740 1709 12,
759 1675 795 1711 ὅς
815 1674 859 1705 11).

198 1720 248 1757 15,
267 1720 285 1751 2
310 1731 341 1750 u.
366 1731 415 1759 a.,
439 1720 506 1760 vgl.
534 1721 563 1759 l,
584 1720 636 1758 38,
656 1721 685 1751 2.
705 1738 749 1743 —
773 1721 860 1760 iura,

193 1765 244 1796 die
261 1765 479 1805 Verbindung
496 1766 600 1796 durch
612 1765 778 1805 Vertriige
795 1766 861 1795 und

193 1809 436 1842 Freundschast
462 1810 625 1841 zwischen
652 1809 804 1851 Staaten,
834 1821 861 1841 s.

194 1855 248 1894 45,
267 1856 319 1895 20,
337 1856 371 1886 6.-
389 1855 552 1897 hospitale
569 1857 639 1892 1'1w3
660 1860 752 1886 sonst
770 1856 862 1886 mehr

194 1910 259 1930 von
286 1899 649 1931 Privatverhfiltnissen
669 1901 861 1941 gebraucht,

193 1954 221 1976 s.
254 1945 283 1984 1,
312 1944 366 1983 34,
393 1945 446 1975 12:
475 1945 663 1986 skmziliaris
690 1947 861 1977 amicitiae

193 1991 289 2021 iura:
308 1989 362 2028 24,
381 1990 411 2027 5,
431 1992 465 2020 9:
483 1990 675 2031 familiaria
692 1992 786 2025 iaraz
807 1992 858 2025 25,

197 2033 248 2072 18,
271 2035 308 2073 53
337 2035 458 2065 anders
487 2046 514 2065 v.
540 2035 593 2071 40,
618 2036 655 2073 ὅ,
682 2035 732 2069 38,
757 2036 805 2073 13,
825 2036 859 2066 2;
894 2066 897 2068 ,

193 2081 333 2120 antiqua
361 2081 447 2111 iura.
478 2098 520 2102 —
548 2089 639 2120 Cllm,
668 2090 694 2110 s.
718 2080 750 2119 9,
777 2081 803 2118 1,
823 2080 858 2115 S:

194 2124 248 2163 28,
270 2125 320 2160 17,
339 2124 373 2155 S:
390 2124 490 2166 fidem
505 2134 578 2156 cum
597 2126 702 2155 ltosle.
720 2143 764 2147 —
787 2135 860 2155 ma-

193 2170 246 2200 ior·
261 2179 372 2210 suoru,
402 2170 461 2200 der
479 2169 573 2200 Staat
590 2180 662 2200 war
690 2169 748 2200 mit
766 2170 860 2200 Anti-

193 2224 298 2255 gonus
316 2214 381 2245 und
399 2214 566 2256 Seleucus,
585 2225 610 2245 5.
630 2214 744 2256 Polyb.
760 2215 790 2253 5,
807 2214 858 2255 89,

194 2259 383 2290 verbunden
400 2269 564 2300 gewesen,
583 2260 634 2291 (116
652 2259 859 2300 Belagerung

194 2305 295 2335 durch
319 2304 505 2336 Demetrius
528 2305 614 2336 xvii-d
636 2304 858 2345 iibergangen.

194 2368 237 2371 —
253 2352 377 2389 vetar.,
401 2360 427 2381 s.
450 2350 483 2391 1,
502 2350 559 2391 53,
581 2351 636 2381 10:
661 2352 772 2380 vetant
795 2351 859 2380 mi-

195 2396 278 2426 rari.
297 2413 340 2417 —
357 2396 496 2434 noxiae,
514 2405 541 2426 s.
558 2394 617 2434 34,
638 2394 694 2430 19,
714 2395 749 2434 5,
768 2405 809 2425 zu
827 2395 856 2436 8,

199 2439 254 2480 18,
273 2440 309 2478 4,
334 2440 400 2481 vgl.
424 2441 484 2479 41,
504 2440 560 2481 23,
580 2440 636 2471 14;
660 2440 731 2470 sinc
755 2439 857 2471 ullius

194 2486 311 2516 nomia.
328 2503 372 2507 -—
387 2484 564 2526 sraudive,
581 2484 775 2516 wesentlich
791 2495 857 2515 von

194 2530 300 2559 nomia
318 2529 406 2561 nicht
423 2530 656 2570 verschieden,
680 2539 705 2560 s.
725 2529 783 2569 31,
804 2530 856 2568 32,

932 1405 963 1436 4.
977 1422 1022 1427 -—
1036 1404 1172 1437 decreta
1190 1415 1291 1447 resp..
1311 1405 1362 1435 die
1380 1404 1421 1435 im
1435 1403 1529 1445 Folg.
1548 1413 1601 1436 er-

932 1449 1096 1489 wiihntenj
1116 1450 1183 1490 vgl.
1199 1450 1258 1487 32,
1274 1450 1308 1491 S,
1326 1449 1376 1480 14.
1394 1467 1438 1472 —
1454 1449 1567 1481 aetditi
1579 1465 1602 1476 =

933 1496 990 1536 qui
1011 1495 1089 1526 aad.
1112 1495 1267 1537 fuerant.
1292 1513 1336 1517 —-
1358 1495 1502 1534 incerto,
1527 1495 1599 1526 also

933 1541 977 1571 im
987 1540 1122 1571 VVinter
1135 1540 1215 1571 oder
1227 1539 1387 1578 Friihling
1401 1539 1456 1570 des
1470 1539 1600 1571 Jahres.

982 1585 1111 1616 10-13.
1138 1585 1253 1627 legati,
1273 1584 1362 1615 nieht
1375 1584 1426 1615 die
1440 1594 1503 1615 von
1518 1583 1601 1616 Rom

933 1630 1183 1670 gekommenen,
1218 1630 1361 1661 sondern
1389 1639 1465 1660 vom
1492 1627 1601 1671 Ro’nig

934 1675 1144 1715 geschickte,
1168 1675 1234 1715 vgl.
1259 1674 1280 1717 ξ
1298 1675 1327 1706 7.
1349 1692 1394 1697 —-
1416 1674 1508 1706 illam
1531 1675 1602 1716 alt„

934 1720 1015 1751 Sall.
1036 1719 1058 1752 I.
1081 1720 1136 1759 16,
1156 1720 1406 1759 5313,1u.a.
1425 1738 1470 1742 —
1486 1719 1600 1752 mend.

932 1765 1000 1805 lib„
1015 1765 1207 1807 Epexegese
1221 1776 1261 1796 zu
1278 1765 1381 1796 illam.
1401 1783 1446 1787 —
1464 1775 1598 1807 causaq.

933 1810 988 1842 lib.
1007 1810 1073 1842 fast
1091 1811 1198 1851 gleich
1215 1813 1372 1842 (metor-es
1388 1809 1453 1851 lib„
1473 1810 1526 1850 32,
1546 1810 1600 1849 30,

935 1856 986 1886 12.
1006 1874 1049 1878 —
1070 1856 1217 1894 Cauniis,
1235 1866 1262 1886 5.
1275 1855 1327 1886 (116
1342 1855 1446 1886 Stelle
1463 1865 1522 1886 aus
1535 1854 1600 1885 Po-

933 1900 1001 1942 13⁷1».
1032 1912 1071 1931 zu
1101 1911 1128 1931 c.
1158 1901 1214 1939 18,
1249 1901 1303 1937 19,
1333 1909 1385 1930 wo
1416 1910 1450 1931 es
1481 1900 1599 1931 weiter

932 1945 1051 1977 heisst:
1076 1945 1226 1977 Καῦνον
1249 1943 1374 1983 δήπου
1396 1943 1600 1977 διακοσίων

933 1988 1120 2022 ταλάντων
1137 1986 1415 2032 ἕξηγοράσαμεν
1432 1990 1496 2031 (die
1509 1989 1599 2021 Rho-

932 2035 1016 2073 dier)
1032 2034 1133 2079 παρὰ
1152 2036 1225 2067 τῶν
1240 2036 1475 2075 Πτολεμαίου
1489 2043 1597 2079 στρα-

932 2080 1067 2121 τηγῶν,
1085 2090 1158 2111 man
1176 2081 1275 2111 weiss
1293 2080 1384 2111 nicht
1402 2079 1434 2110 in
1450 2080 1599 2111 welcher

933 2125 1025 2161 Zeit,
1051 2136 1077 2156 s.
1102 2126 1160 2165 45,
1180 2126 1238 2163 25,
1263 2125 1332 2165 vgl.
1350 2124 1444 2156 Diod.
1464 2125 1522 2165 20,
1543 2125 1594 2156 27.

931 2170 991 2201 Die
1006 2170 1100 2201 Stadt
1118 2171 1171 2210 lag
1188 2180 1229 2201 an
1247 2171 1319 2201 dem
1334 2169 1444 2207 Canal,
1461 2170 1520 2201 der
1537 2170 1597 2201 den

932 2213 1150 2255 Haigez-See
1168 2215 1226 2246 mit
1244 2216 1315 2246 (lem
1334 2214 1445 2246 Meere
1463 2215 1598 2246 verbin-

931 2261 1001 2297 det,
1026 2260 1138 2292 Ritter
1156 2260 1192 2297 2,
1212 2260 1252 2291 92
1263 2259 1284 2291 f.
1312 2278 1355 2283 —
1378 2259 1494 2301 Mynd.
1513 2259 1596 2297 Hal„

930 2306 1081 2337 dorische
1105 2305 1264 2336 Colonien
1282 2314 1322 2336 an
1346 2306 1404 2336 der
1422 2304 1597 2336 karischen

930 2348 1104 2382 1111516-
1118 2350 1253 2391 Samiis,
1271 2350 1322 2380 die
1340 2349 1426 2381 Insel
1443 2359 1514 2380 war
1530 2360 1596 2381 von

930 2395 1141 2427 Ptolemaeus
1160 2395 1342 2435 Euergetes
1360 2394 1512 2432 erobert,
1531 2395 1596 2426 und

930 2440 994 2471 scit
1011 2441 1120 2472 dieser
1138 2440 1229 2477 Zeit,
1254 2440 1302 2471 bis
1320 2440 1369 2471 sie
1388 2440 1470 2470 nach
1486 2439 1596 2471 Philo-

928 2490 1042 2527 pator-s
1059 2485 1150 2517 Tode
1168 2484 1296 2527 Philipp
1313 2485 1473 2525 besetzte,
1491 2495 1516 2515 s.
1531 2483 1596 2515 Po-

928 2531 999 2573 lyb.
1019 2531 1049 2571 3,
1068 2531 1099 2571 2,
1117 2530 1153 2571 S,
1173 2530 1308 2572 Appian.
1328 2529 1455 2561 Maced.
1475 2530 1510 2566 4,
1528 2529 1596 2561 Ae-
