1715 2723
99 84 126 103 a.
147 74 196 102 Ch.
213 74 277 101 ²190.

535 75 660 109 LIBER
684 74 863 109 XXXVII.
905 74 996 108 CAP.
1030 78 1083 109 20.

1444 73 1522 115 191

105 192 147 219 50
176 178 383 217 moenibus
408 178 664 226 incluserunt,
695 184 941 230 contemptus
964 190 1102 217 eorum
1120 185 1157 217 et
1176 177 1267 216 inde
1288 176 1525 228 neglegentia

104 235 206 286 apud
227 235 354 286 regios
382 235 516 274 oritur.
565 246 647 273 non
671 240 822 281 stratos,
844 247 925 274 non
949 235 1164 273 infrenatos
1187 245 1322 285 magna
1343 245 1432 284 pars
1453 233 1523 271 ha—

103 291 247 330 bebant
276 304 421 342 equos3
451 291 584 342 paucis
614 291 660 329 ad
692 303 797 329 arma
830 297 866 330 et
897 291 1053 330 ordines
1081 290 1220 329 relictis
1244 290 1380 340 dilapsi
1408 289 1523 328 ceteri
1543 297 1563 328 5

104 354 325 399 sparserant
349 360 390 387 se
420 353 501 387 toto
531 347 674 398 passim
705 359 855 398 camp0,
885 360 975 398 pars
996 347 1037 386 in
1061 347 1257 385 iuvenales
1279 346 1389 385 lusus
1408 346 1522 385 lasci-

103 405 284 455 viamque
309 404 423 451 versi,
453 416 542 454 pars
573 410 771 442 vescentes
791 403 863 441 suh
885 403 1036 450 umbra,
1066 403 1223 454 quidam
1249 415 1389 441 somno
1411 403 1523 441 etiam

104 461 221 500 strati.
267 461 361 500 haec
379 461 598 511 Diophanes
621 471 668 498 ex
692 459 765 498 alta
787 459 884 498 urbe
903 459 1092 510 Pergamo
1116 459 1397 509 contemplatus
1418 471 1522 497 arma
1543 473 1565 505 6

104 530 198 557 suos
230 529 366 568 capere
397 522 433 556 et
462 516 508 555 ad
538 521 688 567 portam
712 521 865 566 praesto
887 528 970 554 esse
993 515 1120 562 iubet,
1147 515 1231 566 ipse
1255 515 1424 554 Attalum
1447 515 1524 554 adit

106 579 142 613 et
160 574 201 612 in
220 574 350 612 animo
373 572 444 611 sibi
469 584 551 611 esse
574 571 668 611 dixit
689 572 861 611 hostium
881 572 1086 610 stationem
1108 576 1307 621 temptare.
1349 584 1461 622 aegre
1480 571 1518 609 id
1543 585 1560 615 7

105 630 349 681 permittente
360 629 495 675 Attalo,
518 628 662 679 quippe
687 628 754 679 qui
777 633 933 667 centum
955 627 1149 678 equitibus
1163 627 1349 666 adversus
1362 640 1520 666 sescen-

102 693 175 732 tos,
205 686 307 724 mille
331 684 523 735 peditibus
546 697 637 723 cum
660 690 843 735 quattuor
869 684 1024 723 milibus
1047 690 1311 735 pugnaturum
1333 689 1521 730 cerneret,

100 746 213 792 porta
240 753 417 792 egressus
438 741 540 779 haud
563 742 701 792 procul
723 741 887 780 statione
906 741 1098 787 hostium,
1130 740 1374 779 occasionem
1397 752 1520 790 oppe-

102 797 207 836 riens
220 828 228 844 ,
270 797 457 837 consedit.

517 803 554 836 et
592 798 659 848 qui
686 797 863 848 Pergami
889 803 999 836 erant
1024 797 1231 836 amentiam
1256 797 1376 847 magis
1403 808 1520 847 quam
1541 802 1560 834 8

101 853 299 892 audaciam
322 854 480 893 credere
500 866 603 901 esse,
635 862 671 893 et
693 855 822 893 hostes
846 854 1040 905 paulisper
1059 854 1099 892 in
1121 866 1187 892 eos
1208 853 1331 900 versi,
1362 858 1406 891 ut
1426 853 1521 891 nihil

102 911 252 949 moveri
276 911 468 957 viderunt,
490 922 562 949 nec
582 910 657 961 ipsi
679 911 889 961 quicquam
904 923 951 949 ex
961 910 1071 949 solita
1087 910 1336 961 neglegentia,
1359 910 1521 960 insuper

102 967 216 1005 etiam
247 967 444 1007 eludentes
475 967 717 1017 paucitatem,
748 973 958 1006 mutarunt.

1017 967 1237 1018 Diophanes
1268 966 1421 1017 quietos
1452 966 1520 1004 ali-
1539 974 1558 1006 9

105 1023 292 1073 quamdiu
315 1036 431 1071 suos,
462 1023 566 1062 velut
595 1024 641 1062 ad
672 1023 936 1074 spectaculum
963 1023 1081 1062 modo
1108 1023 1280 1069 eductos,
1307 1022 1520 1069 continuit;

103 1085 311 1130 postquam
334 1080 502 1130 dilapsos
522 1080 569 1118 ab
593 1080 796 1119 ordinibus
816 1080 947 1119 hostes
970 1080 1074 1126 vidit,
1095 1079 1300 1130 peditibus,
1331 1084 1521 1130 quantum
1543 1092 1586 1124 10

102 1136 314 1175 accelerare
343 1142 524 1187 possent,
551 1137 662 1187 sequi
693 1137 808 1175 iussis
829 1137 912 1187 ipse
934 1136 1116 1187 princeps
1136 1136 1239 1175 inter
1259 1136 1407 1186 equites
1428 1147 1527 1188 cumv

100 1198 228 1230 turma
248 1205 328 1239 sua,
350 1205 467 1243 quam
487 1193 615 1243 potuit
634 1193 876 1232 effusissimis
900 1192 1072 1239 habenis,
1088 1192 1257 1231 clamore
1279 1192 1325 1230 31)
1343 1192 1520 1231 011111151-

99 1316 139 1355 63
165 1316 204 1355 2,
232 1316 294 1354 45,
326 1317 363 1354 73
400 1315 458 1346 das
484 1315 555 1347 eine
580 1314 648 1347 Mal
674 1316 774 1347 sehon

99 1370 171 1391 war
191 1370 309 1401 genug,
335 1370 387 1391 um
407 1359 455 1392 sie
476 1371 512 1392 so
530 1371 569 1392 zu
583 1361 772 1401 selu-ecken,

99 1406 175 1437 11355
212 1405 259 1437 510
290 1405 362 1437 sich
387 1405 630 1446 einschlossen,
671 1407 775 1438 daher

99 1450 150 1483 die
183 1450 407 1492 Verachtung.
434 1470 478 1474 —
504 1455 576 1484 inde
593 1467 639 1479 =
660 1464 674 1484 e
697 1463 771 1484 con-

98 1503 224 1535 tempta.
249 1514 296 1519 —
321 1508 436 1538 maqna
455 1509 491 1537 p.
525 1497 570 1529 ist
601 1497 692 1538 Subj.
735 1508 774 1529 zu

97 1544 259 1579 habebant,
289 1552 314 1573 5.
340 1543 393 1581 36,
422 1543 473 1583 19,
503 1544 562 1584 103
587 1543 636 1574 od.
662 1543 774 1585 Appo-

99 1587 152 1618 sit.
174 1597 213 1618 zu
240 1588 311 1619 dem
337 1587 430 1618 1131111
456 1588 644 1628 gegebenen
669 1588 773 1628 Subj.,

99 1643 124 1664 s.
150 1642 176 1663 c.
206 1633 264 1672 13,
291 1635 321 1666 4.
360 1634 501 1674 insren„
528 1634 544 1672 ξ
569 1635 626 1673 123
653 1635 692 1674 2,
719 1635 774 1673 59,

101 1681 141 1719 43
173 1678 291 1709 anders
316 1679 378 1718 21,
404 1681 465 1720 44,
497 1681 522 1711 l.
553 1697 596 1700 —
625 1681 773 1720 imma„

102 1723 168 1764 vgl.
189 1725 219 1763 5,
246 1725 300 1763 22,
328 1725 364 1763 53
392 1726 445 1763 40,
474 1726 503 1762 7,
531 1726 569 1766 23
594 1724 637 1756 ib.
666 1727 716 1763 14,
739 1726 770 1765 2,

99 1779 135 1800 50
155 1769 239 1800 311011
253 1768 369 1809 Vergil
390 1780 419 1802 u.
439 1768 588 1811 Spiitere.
610 1788 653 1792 —
673 1773 774 1810 lusus,

101 1815 159 1846 der
176 1813 299 1856 plural,
326 1814 389 1846 wie
411 1825 436 1846 e.
459 1816 510 1851 16,
541 1816 579 1857 S,
604 1816 657 1855 22,
686 1818 716 1856 5,
735 1818 774 1856 43

101 1861 154 1900 10,
183 1861 238 1899 41,
267 1861 285 1892 3
310 1870 341 1891 u.
367 1870 396 1891 a.
422 1878 465 1882 —
491 1863 607 1900 lasciv.²
631 1872 655 1892 s.
685 1863 713 1901 1,
743 1863 774 1902 5,

101 1907 138 1938 2:
164 1908 200 1937 in
225 1908 328 1937 lusum
352 1908 593 1947 lasciviamque
630 1908 691 1947 24,
723 1908 774 1946 10,

104 1953 162 1984 14:
181 1962 242 1990 per
267 1953 426 1983 lasciviam
455 1959 482 1984 et
506 1955 616 1984 iocum.
643 1971 686 1975 —
710 1964 776 1984 ves-

101 2003 196 2036 cera„
237 1996 369 2028 absolut
405 1996 468 2028 wie
494 1997 594 2038 Verg.
619 1999 656 2037 6,
696 1999 773 2038 657,

103 2041 169 2082 vgl.
196 2040 231 2072 L.
257 2043 311 2081 27,
338 2043 392 2082 43,
422 2044 460 2075 10
485 2054 515 2074 u.
543 2053 628 2074 a.—
646 2045 774 2083 quidam

102 2087 184 2118 nach
208 2098 309 2129 pars,
350 2089 411 2127 25,
452 2089 512 2128 30,
549 2090 589 2129 2,
627 2088 694 2129 vgl.
720 2090 773 2130 31,

109 2134 162 2171 37,
189 2133 218 2165 2.

145 2179 243 2210 6-8.
270 2189 306 2209 ex
322 2180 387 2210 alta
410 2190 441 2209 u.
466 2180 515 2218 R,
543 2188 568 2210 s.
592 2178 644 2210 die
669 2178 773 2210 Stelle

99 2233 157 2254 aus
183 2223 302 2254 Strabo
329 2234 368 2254 zu
393 2224 410 2262 ξ
437 2224 454 2256 3
480 2226 587 2263 collis;
623 2224 706 2255 doch
731 2224 775 2256 ist

100 2278 134 2300 es
159 2268 356 2308 31111311ου11,
383 2269 458 2300 dass
483 2270 541 2301 der
567 2270 772 2311 wichtigere,

99 2314 160 2345 11011
184 2313 295 2345 Grund
321 2314 534 2346 enthaltende
552 2315 679 2356 Begriff
702 2315 773 2347 ein-

99 2358 176 2391 fach
201 2360 302 2391 durch
330 2360 386 2390 das
412 2360 589 2401 Adjectiv,
626 2361 692 2401 x'gl.
718 2362 773 2401 22,

97 2406 151 2445 49,
174 2406 231 2438 13;
247 2408 279 2437 in
298 2408 398 2437 vicum
414 2409 520 2445 ipsum
540 2409 680 2446 Cannas,
697 2405 775 2438 Tac.

97 2450 179 2482 Ann.
209 2453 259 2491 14,
286 2453 348 2484 27;
373 2459 460 2484 retas
477 2454 625 2491 oppidum
641 2453 776 2491 Puteoli,

99 2506 122 2527 5.
141 2507 180 2528 zu
198 2498 251 2537 44,
279 2498 332 2536 32,
359 2498 389 2537 3,
409 2497 500 2528 nicht
519 2498 621 2529 durch
639 2509 772 2538 summa,

843 1318 1008 1354 altissima,
1029 1314 1252 1355 ausgedriickt
1271 1314 1334 1355 istg
1357 1313 1438 1356 App.
1460 1315 1520 1347 26:

844 1357 922 1393 ἀπὸ
940 1364 1005 1393 τοῦ
1026 1364 1171 1404 τείχους
1190 1355 1301 1399 ἵδών,-
1322 1359 1398 1392 1101,
1413 1359 1521 1392 Carm.

844 1408 875 1445 3,
902 1408 933 1447 2,
959 1408 994 1439 6:
1022 1417 1059 1437 ea:
1076 1407 1235 1438 moenibus
1253 1408 1380 1438 hosticis
1390 1408 1520 1445 prospi-

843 1454 935 1484 ciens.
961 1470 1004 1474 —
1029 1454 1072 1484 ad
1090 1458 1176 1491 port.
1199 1462 1253 1490 pr.
1278 1462 1360 1491 esse,
1399 1453 1437 1490 5,
1464 1453 1518 1488 45,

847 1499 881 1530 1:
907 1500 950 1530 ad
965 1504 1078 1536 portas
1102 1499 1233 1528 Camillo
1254 1503 1382 1536 praesto
1397 1498 1520 1538 fuere;

842 1542 991 1583 weniger
1014 1542 1152 1585 passend
1177 1542 1229 1574 die
1253 1542 1375 1574 andere
1401 1541 1520 1573 Lesart

843 1591 886 1619 ad
922 1591 1007 1620 iussa
1037 1595 1175 1627 praesto.
1202 1606 1237 1610 -
1262 1594 1420 1629 pumma,
1462 1587 1520 1618 der

844 1632 967 1675 Hampf
993 1634 1086 1665 stehe
1119 1633 1241 1673 bevor,
1278 1643 1314 1664 er
1338 1632 1450 1664 werde
1475 1650 1519 1655 —

842 1689 981 1710 mussen.
1008 1697 1049 1701 —
1073 1690 1128 1711 nee
1150 1681 1215 1718 ipsi
1233 1693 1276 1705 =
1297 1690 1336 1710 oze
1360 1681 1423 1717 ipsi
1447 1682 1520 1720 qui-

844 1727 930 1764 dem,
957 1726 1018 1763 23,
1049 1725 1107 1764 18,
1134 1726 1174 1765 4,
1200 1723 1266 1765 Vgl.
1292 1725 1346 1763 35,
1374 1725 1430 1764 46,
1459 1726 1519 1766 133

845 1770 906 1809 30,
932 1771 987 1810 42,
1015 1771 1045 1809 7,
1072 1770 1309 1811 entsprechend
1333 1769 1404 1800 dem
1428 1769 1518 1811 posi-

843 1815 935 1846 tiven
961 1821 989 1848 et
1013 1817 1086 1854 ipse.
1110 1833 1156 1838 —
1178 1822 1258 1848 mut.
1283 1827 1337 1857 ex,
1375 1816 1436 1855 38,
1465 1817 1517 1853 li,

845 1862 882 1900 83
908 1862 964 1900 42,
992 1862 1045 1900 62,
1075 1862 1134 1902 153
1158 1861 1190 1901 2,
1216 1863 1271 1900 61,
1299 1863 1335 1893 5:
1360 1871 1399 1892 ne
1425 1867 1458 1892 at
1482 1872 1519 1892 ex

844 1913 990 1938 consueta
1013 1909 1139 1947 quidem
1156 1909 1322 1946 asperitate
1338 1923 1376 1928 —-
1396 1908 1522 1947 aliquid

844 1954 973 1994 leniret,
999 1951 1110 1993 Quint.
1137 1952 1168 1991 2,
1197 1953 1248 1991 13,
1275 1954 1293 1986 8
1318 1963 1348 1983 u.
1380 1962 1423 1991 3.,
1451 1951 1517 1992 vgl.

847 2000 883 2039 1,
909 1999 973 2038 36,
1011 1999 1047 2029 7:
1089 2008 1189 2038 neque
1238 2000 1275 2029 de
1298 2015 1341 2020 —-
1366 2000 1518 2030 centuriis

843 2045 1017 2084 quidquam
1041 2046 1187 2076 mutavit.

893 2090 1034 2122 10—14.
1060 2091 1103 2121 ad
1130 2095 1231 2127 spect„
1257 2090 1310 2129 35,
1338 2090 1391 2128 51,
1419 2090 1448 2121 3.
1475 2106 1516 2110 —

842 2140 957 2175 turma,
984 2133 1035 2165 die
1064 2136 1127 2168 100
1153 2133 1276 2165 1101101.
1301 2151 1346 2155 ——
1366 2145 1462 2174 quam
1480 2146 1516 2173 p.

842 2181 905 2220 effi,
936 2189 963 2211 c.
986 2180 1040 2219 22,
1061 2182 1098 2218 53
1117 2181 1172 2219 24,
1195 2180 1248 2217 35,
1272 2180 1331 2219 10;
1351 2180 1405 2218 20,
1425 2182 1455 2219 5,
1477 2180 1516 2217 3;

842 2223 884 2255 ib.
904 2226 958 2265 25,
980 2227 1038 2264 12;
1057 2225 1097 2256 da
1117 2225 1168 2256 die
1186 2224 1322 2256 meisteu
1332 2224 1520 2264 Hssfflossct

840 2269 966 2310 haben,
1000 2270 1079 2302 aber
1108 2270 1183 2302 kein
1210 2269 1324 2301 Grund
1349 2270 1405 2301 des
1431 2269 1518 2301 Con-

839 2314 988 2355 junctivs
1007 2315 1161 2356 vorliegt,
1192 2315 1255 2346 wie
1276 2315 1399 2347 vorher
1416 2326 1517 2356 quan-

843 2368 908 2394 tum
932 2380 975 2383 —
998 2369 1137 2401 possem,
1171 2372 1195 2392 5.
1224 2363 1275 2400 10,
1317 2362 1367 2401 14,
1406 2363 1455 2401 14,
1482 2371 1518 2392 so

842 2406 887 2438 ist
918 2406 1008 2438 viell.
1028 2414 1128 2449 potest
1156 2417 1195 2437 zu
1220 2406 1320 2438 lesen.
1370 2408 1517 2447 effusiss„

843 2463 866 2484 5.
894 2451 993 2493 Verg.
1031 2454 1090 2492 12,
1127 2453 1211 2485 499ι
1246 2455 1346 2484 omnis
1381 2454 1520 2493 effemdc‘t

841 2499 995 2537 habenam
1022 2498 1078 2529 der
1109 2496 1281 2529 Gebrauch
1307 2508 1369 2528 von
1397 2500 1519 2539 effusus
