1715 2723
218 125 296 164 172
639 121 763 155 LIBER
779 122 924 156 XXXII.
949 123 1042 156 CAP.
1062 123 1115 155 35.
1133 122 1186 155 36.

1471 139 1496 155 a.
1513 139 1540 155 u.
1556 132 1618 156 557.

167 235 185 265 7
214 228 349 263 rentur
369 223 475 269 socii,
497 223 597 270 dein,
619 235 708 263 cum
729 225 833 264 haud
853 224 1054 263 absisteret
1074 228 1226 274 petere,
1257 235 1303 262 ex
1324 223 1502 263 omnium
1523 236 1620 263 con-

214 280 297 318 silio
318 279 517 318 Romanus
536 279 749 330 imperator
768 293 857 319 cum
876 281 947 331 Ap.
970 280 1126 319 Claudio
1146 279 1303 318 tribuno
1325 280 1494 319 militum
1515 285 1621 319 cete-

167 345 185 376 8
212 336 265 374 ris
285 336 491 374 summotis
507 336 555 374 ad
570 340 789 375 extremum
805 337 896 375 litus
912 336 1119 387 processit,
1138 348 1206 374 rex
1227 347 1317 373 cum
1334 335 1498 383 duobus,
1521 349 1621 387 quos

213 391 337 442 pridie
359 391 607 438 adhibuerat,
636 392 677 430 in
702 397 846 430 terram
875 397 934 431 est
962 404 1150 443 egressus.
1191 391 1244 429 ibi
1275 403 1364 430 cum
1385 391 1623 442 aliquamdiu

212 452 363 486 secreto
385 447 503 486 locuti
523 453 665 494 essent,
689 460 786 498 quae
807 452 890 487 acta
910 448 1109 499 Philippus
1131 447 1177 485 ad
1198 459 1289 485 suos
1310 448 1522 495 rettulerit,
1545 447 1621 486 mi-

165 513 185 544 9
213 514 288 541 nus
308 508 553 554 compertum
575 508 652 550 est3
682 504 884 549 Quinctius
905 505 999 542 haec
1019 503 1170 542 rettulit
1190 503 1236 541 ad
1259 503 1406 542 socios:
1435 503 1622 542 Romanis

214 571 305 597 eum
327 559 462 598 cedere
483 564 563 598 tota
583 559 720 610 Illyrici
737 572 814 605 ora,
836 560 1016 611 perfugas
1032 560 1228 598 remittere
1244 571 1287 598 ac
1303 559 1334 598 si
1352 559 1417 609 qui
1433 559 1510 597 sint
1531 571 1623 610 cap-

145 623 185 656 10
213 615 301 662 tivi,
322 614 448 653 Attalo
468 627 585 654 naves
613 621 650 653 et
671 628 760 654 cum
789 616 833 654 iis
861 621 993 667 captos
1021 615 1165 654 navalis
1194 616 1342 662 soeios3
1371 614 1532 654 Rhodiis
1559 627 1623 653 re-

212 670 379 722 gionem,
404 684 520 722 quam
536 671 707 710 Peraean
722 677 871 718 vocant,
889 672 1064 719 reddere,
1081 672 1166 710 Iaso
1184 676 1223 710 et
1238 671 1420 722 Bargyliis
1437 683 1517 710 non
1538 683 1623 709 ces-

144 734 181 766 11
214 739 374 773 surum3
393 727 536 765 Aetolis
557 727 786 766 Pharsalum
806 728 1057 779 Larisamque
1073 728 1247 773 reddere,
1270 727 1421 766 Thebas
1437 739 1518 765 non
1533 727 1625 766 red-

214 782 324 830 dere,
352 783 511 821 Achaeis
538 794 619 821 non
646 783 755 834 Argis
784 785 901 822 modo
932 784 998 822 sed
1032 784 1149 822 etiam
1186 783 1370 822 Corintho
1409 795 1624 821 cessurum.

144 845 184 879 12
211 838 308 877 nulli
329 839 505 876 omnium
521 839 672 888 placere
692 839 872 889 partium,
896 840 1036 890 quibus
1057 852 1237 878 cessurus
1258 844 1324 879 aut
1344 851 1424 878 non
1443 851 1625 878 cessurus

213 899 335 939 esset,
358 894 580 932 destinatio:
602 895 689 944 plus
711 895 815 932 enim
836 895 960 933 amitti
981 896 1021 933 in
1041 895 1084 933 iis
1107 907 1223 945 quam
1245 895 1409 946 acquiri,
1441 906 1514 933 nec
1533 907 1625 933 um-

213 961 344 1001 quam,
373 950 447 988 nisi
467 954 549 988 tota
571 950 795 988 deduxisset
816 950 972 990 Graecia
988 951 1189 1001 praesidia,
1213 963 1346 990 causas
1368 950 1627 989 certaminum

213 1005 359 1044 defore.
1664 1050 1671 1054 „

142 1062 195 1102 36
327 1062 424 1099 Cum
445 1061 541 1100 haec
567 1065 651 1100 toto
674 1074 719 1100 ex
746 1062 907 1101 concilio
939 1062 1116 1101 certatim
1144 1074 1279 1101 omnes
1307 1062 1626 1110 vociferarentur,

164 1126 183 1157 2
213 1117 261 1156 ad
288 1116 511 1168 Philippum
539 1129 696 1168 quoque
717 1119 853 1168 procul
874 1124 1043 1157 stantem
1064 1131 1138 1157 vox
1158 1123 1218 1156 est
1245 1118 1403 1168 perlata.
1445 1118 1574 1169 itaque
1605 1131 1627 1158 a

213 1173 393 1219 Quinctio
409 1173 517 1223 petit,
541 1178 585 1211 ut
604 1186 687 1212 rem
704 1178 827 1212 totam
843 1174 881 1212 in
899 1179 1100 1225 posterum
1118 1174 1219 1212 diem
1238 1174 1425 1212 differret:
1448 1175 1625 1225 profecto

165 1236 184 1267 3
213 1234 280 1267 aut
299 1241 578 1279 persuasurum
600 1242 641 1267 se
658 1235 723 1268 aut
739 1231 961 1280 persuaderi
977 1230 1049 1268 sibi
1065 1242 1284 1281 passurum.
1325 1230 1415 1268 litus
1431 1231 1478 1268 ad
1495 1231 1625 1271 Thro-

213 1285 324 1323 nium
352 1284 545 1335 colloquio
575 1285 800 1324 destinatur.
843 1299 887 1324 eo
915 1291 1066 1325 mature
1091 1291 1326 1325 conventum
1348 1291 1417 1324 est.
1459 1286 1510 1324 ibi
1531 1286 1626 1325 Phi-

214 1340 341 1391 lippus
369 1341 541 1391 primum
569 1346 608 1379 et
637 1341 862 1387 Quinctium
889 1348 928 1381 et
957 1342 1083 1380 omnis
1113 1343 1179 1393 qui
1207 1342 1367 1380 aderant
1392 1353 1547 1392 rogare,
1575 1354 1625 1381 ne

215 1450 458 1490 hinzugesetzt.
475 1469 519 1474 —
535 1451 704 1491 absis-ter„
722 1451 751 1491 7,
771 1451 823 1489 25,
843 1452 882 1491 53

216 1495 248 1534 2,
269 1495 321 1535 59,
339 1494 357 1525 8
375 1494 540 1527 desistere
562 1507 591 1526 u.
612 1506 642 1527 3.
656 1513 700 1518 -
713 1506 786 1527 cum
802 1496 884 1528 duo-

217 1540 294 1570 bus:
322 1539 381 1570 mit
416 1540 478 1570 den
508 1540 643 1579 beiden,
672 1541 719 1571 ist
754 1551 790 1572 so
827 1552 884 1581 ge-

217 1589 301 1623 sagt,
317 1584 366 1615 als
376 1584 603 1624 obdieselben,
616 1595 686 1616 was
701 1585 780 1616 aber
794 1586 884 1618 nicht

216 1629 399 1669 gesehehen
428 1629 490 1669 ist,
522 1640 548 1661 c.
580 1630 637 1670 32,
672 1630 710 1661 10
740 1635 884 1670 genannt

215 1673 345 1712 waren,
371 1674 447 1705 dass
471 1675 555 1705 auch
580 1674 632 1705 die
656 1675 793 1715 iibrigen
822 1676 883 1706 mit

216 1717 302 1749 Phil.
320 1718 555 1759 angekonunen
573 1729 696 1759 waren,
717 1720 761 1751 ist
779 1720 883 1751 durch

215 1766 452 1806 apparuerunt
473 1774 574 1795 naves
596 1763 616 1805 ξ
635 1765 653 1795 2
672 1765 882 1805 angedeutet.

215 1825 260 1830 —
282 1808 575 1849 Iocuti,genaue1¹
598 1809 690 1839 w'zire
719 1809 882 1850 collocuti,

216 1852 284 1892 vgl.
314 1863 342 1883 c.
365 1853 430 1891 '‚23
461 1854 495 1883 5:
520 1864 589 1895 pao
591 1856 733 1892 nantes3
764 1853 881 1897 P013b.

217 1897 401 1937 συαμιξας
429 1895 469 1928 δὲ
498 1898 547 1939 τῷ
573 1900 670 1940 Τίτῳ
700 1897 821 1941 διελε)
824 1910 882 1931 ero

216 1941 332 1972 πλείω
350 1938 446 1985 χρῶ
450 1952 502 1973 ον.
522 1959 564 1964 -—
582 1952 704 1983 quae—
720 1946 881 1986 comper&

217 1988 284 2025 est,
310 1990 394 2016 statt
417 1986 535 2017 dessen
557 1992 632 2027 sagt
654 1986 772 2030 P013b.
799 1988 881 2019 ohne

216 2030 283 2062 Bev
287 2040 457 2073 orzugung
489 2031 546 2062 des
576 2009 765 2072 Qouinctius:
800 2035 883 2065 τίνα

215 2072 286 2127 μὲν
299 2075 364 2107 οὑν
383 2075 425 2115 ἠν
442 2086 486 2106 τα
500 2072 582 2107 τότε
599 2076 711 2119 ῥηθέι
716 2088 757 2107 τα
776 2088 865 2120 παρ

217 2117 450 2162 ἑκατέρων,
470 2118 644 2162 δυσχερὲς
661 2121 791 2153 εἰπεῖν.

263 2164 312 2195 9-
323 2165 373 2196 12.
398 2164 560 2196 Rommns
583 2184 603 2187 —
625 2165 742 2197 cedere
765 2184 786 2188 —-
810 2176 882 2205 ora,

218 2209 555 2250 s.45‚11‚11:m·s5
569 2211 635 2240 sebi
648 2213 720 2240 tota
739 2210 883 2253 Cypro—

216 2253 368 2292 cederet3
383 2234 440 2295 '24‚
453 2254 482 2293 6,
499 2253 528 2293 8,
545 2254 657 2295 haufig
670 2265 882 2297 possessione

217 2298 341 2338 (aheni
356 2299 437 2330 odel
454 2278 536 2330 oline
553 2299 678 2339 dieses)
696 2299 830 2339 cedere,
856 2311 881 2331 5.

218 2344 256 2383 3,
273 2343 370 2381 45,‘)
352 2365 370 2374 2
388 2355 419 2375 u.
439 2354 487 2382 3.,
511 2345 671 2375 wechselt
694 2345 752 2375 mit
770 2356 882 2376 cessu-

216 2398 292 2419 rum
311 2387 331 2429 ξ
352 2389 391 2419 10
409 2400 439 2419 u
462 2389 518 2427 123
536 2389 589 2428 34,
608 2389 661 2428 33,
680 2389 708 2420 3.
728 2408 769 2411 —
788 2390 882 2431 [Hyr.

217 2443 278 2464 ora
291 2438 352 2464 etc.
347 2458 364 2474 .‚
379 2443 524 2474 genauer
536 2434 600 2464 und
615 2434 705 2464 nicht
719 2444 759 2465 an
773 2445 810 2465 er
814 2439 883 2465 ster

216 2477 318 2509 stelle
331 2477 447 2510 Polvb.
458 2490 464 2509 :
484 2481 560 2514 τοῖς
573 2476 767 2530 Ῥωμαίοις
783 2478 823 2511 δὲ
841 2477 884 2510 τὰ

216 2519 307 2554 κατὰ
337 2521 401 2564 τὴν
420 2520 599 2566 Ἰλλυρίδα
622 2520 739 2566 φάναι
763 2535 881 2569 παρα-

957 1448 1095 1485 δώσειν
1139 1451 1199 1483 καὶ
1244 1449 1329 1487 τοὺς
1368 1449 1627 1503 αἰχμαλώτους

956 1494 1109 1532 πάντας.
1132 1515 1175 1519 -—
1206 1496 1350 1537 Thebas,
1374 1496 1427 1528 ein
1449 1496 1626 1538 wichtiger

956 1540 1078 1579 Hafen,
1102 1552 1127 1573 s.
1149 1541 1210 1581 39,
1228 1542 1287 1581 25,
1307 1542 1337 1572 9
1356 1540 1564 1573 —Eclzimls
1580 1542 1627 1574 ist

956 1587 1039 1617 auch
1063 1586 1116 1617 bei
1139 1566 1257 1629 Pol'yb.
1283 1586 1372 1617 nicht
1394 1586 1556 1618 erw‘ahnt.
1579 1605 1626 1610 —-

954 1631 1103 1661 Achaeis
1136 1635 1219 1670 etc.,
1253 1631 1354 1662 deren
1386 1629 1625 1672 Forderungen

954 1676 1089 1707 werden
1106 1676 1177 1707 also
1192 1676 1258 1707 alle
1272 1674 1401 1707 erfiillt.
1415 1694 1459 1698 —
1470 1678 1626 1719 partium

955 1720 1058 1761 (nicht
1075 1722 1235 1760 omnium)
1254 1721 1373 1761 gehiirt
1390 1731 1430 1752 zu
1443 1720 1624 1753 destinatio

956 1765 1017 1809 (τῇ
1046 1762 1250 1805 διαλύσει),

953 1820 1016 1841 vor
1024 1809 1061 1841 L.
1076 1810 1166 1841 nicht
1179 1810 1447 1841 vorzukommen.
1458 1812 1626 1842 —amz'tti

954 1856 986 1885 in
1004 1857 1063 1891 iis,
1087 1855 1206 1894 daran,
1230 1855 1333 1886 durch
1357 1855 1527 1895 dasselbe3
1551 1856 1624 1886 ein-

954 1897 1027 1929 fach
1054 1879 1171 1941 Polyb.
1197 1878 1227 1930 7c.
1254 1900 1289 1930 9:
1319 1897 1398 1932 δεῖν
1427 1897 1467 1930 τὸ
1496 1899 1624 1933 κοινὸν

954 1942 1090 1995 gutta)
1091 1955 1152 1994 μα
1169 1943 1320 1998 πρῶτον
1345 1945 1471 1976 ποιεῖν
1495 1945 1621 1984 (τοῦτο

954 1985 991 2019 δ
1011 1990 1055 2027 ἠν
1072 1984 1230 2039 ἁπάσης
1235 1986 1421 2041 εκχωρεῖν
1425 1990 1488 2028 τῆς
1497 1986 1622 2020 Ελλά-

954 2031 1054 2072 δος),
1073 2031 1163 2064 εἰδὲ
1180 2029 1249 2076 μή,
1269 2030 1367 2064 διότι
1383 2031 1427 2064 τὰ
1445 2031 1537 2065 κατὰ
1555 2033 1622 2076 μέ·-

955 2088 1018 2153 Ξος
1033 2075 1174 2119 μάταια
1191 2079 1357 2119 γίγνεται
1373 2078 1433 2109 καὶ
1450 2076 1546 2123 πρὸς
1563 2077 1623 2110 οἰ-

980 2123 1019 2154 έν
1035 2126 1097 2152 ete.

1000 2160 1070 2198 36.
1092 2166 1176 2197 1-4.
1203 2176 1279 2198 cum
1295 2185 1317 2188 —
1334 2167 1475 2209 vocifer.
1498 2185 1521 2190 —
1539 2177 1621 2210 per-

953 2211 1023 2242 lata
1048 2221 1113 2242 von
1138 2210 1174 2242 L.
1201 2216 1392 2252 zugesetzt,
1425 2222 1478 2243 um
1502 2223 1542 2243 zu
1565 2222 1621 2243 er-

954 2255 1084 2295 kliiien,
1102 2255 1168 2286 wie
1180 2255 1265 2287 Phil.
1282 2256 1332 2287 die
1347 2256 1450 2287 Sache
1469 2257 1621 2289 bemerkt

954 2301 1054 2339 habe,
1077 2280 1197 2352 Polyb.
1225 2310 1300 2331 nur·
1325 2301 1479 2346 1ὶιεωρῶν
1504 2320 1528 2324 -
1555 2300 1621 2342 τὴν

954 2345 993 2378 ἐι
1017 2343 1140 2380 αὐτοῖς
1165 2332 1454 2389 οἶαᾳισβήτησιν.
1477 2363 1521 2368 -
1539 2357 1620 2388 per-

955 2401 1060 2430 suas„
1078 2390 1227 2431 absolut,
1245 2401 1270 2421 5.
1291 2388 1384 2421 Caes.
1404 2390 1439 2422 B.
1459 2388 1497 2421 G.
1517 2391 1547 2429 5,
1566 2390 1619 2433 38,

956 2436 975 2466 4
993 2446 1024 2466 u.
1041 2446 1070 2466 3.
1089 2454 1131 2458 ,
1155 2434 1348 2474 lerone‘um,
1366 2439 1470 2466 etwas
1489 2414 1620 2467 siidlich

956 2491 1021 2511 von
1038 2479 1177 2519 Nicaea,
1200 2480 1233 2510 in
1250 2479 1385 2519 Locris,
1407 2490 1433 2511 5.
1454 2480 1513 2520 33,
1531 2479 1568 2520 3,
1586 2479 1618 2511 6.

956 2543 999 2547 -
1020 2526 1171 2567 primum
1195 2543 1216 2547 —
1235 2526 1362 2567 posin,
1384 2535 1410 2556 s.
1430 2525 1489 2565 22,
1505 2524 1565 2565 43,
1585 2524 1615 2556 3.

1279 1766 1336 1796 (135
1361 1763 1466 1797 Σνοῐτ
1495 1766 1624 1797 scheint
1674 1744 1700 1801 ,γ
