1715 2723
251 122 301 162 48
677 118 801 152 LIBER
818 119 946 153 XXXI.
973 119 1067 153 CAP.
1085 120 1140 152 25.
1157 119 1212 152 26.
1501 136 1526 153 a.
1543 136 1570 154 u.
1584 127 1647 154 554.

182 229 217 261 11
249 222 417 262 habitus.
449 220 661 273 Philippus,
683 233 821 272 magna
841 235 908 273 spe
930 222 1126 273 depulsus,
1148 222 1372 260 voluntariis
1393 222 1525 273 paucis
1546 222 1646 261 mili-

250 278 352 317 tibus
374 277 602 328 conscriptis
625 278 853 317 Corinthum
875 283 989 329 atque
1010 279 1049 316 in
1069 278 1234 316 Atticam
1255 282 1400 316 terram
1420 277 1545 317 rediit.

172 335 227 373 26
362 333 436 371 Per
452 346 519 372 eos
535 333 640 385 ipsos
657 334 750 379 dies,
769 334 908 384 quibus
924 334 1122 384 Philippus
1139 333 1178 372 in
1187 334 1327 373 Achaia
1341 334 1426 380 fuit,
1444 333 1646 384 Philocles,

250 389 466 441 praefectus
482 391 620 440 regius,
638 402 682 428 ex
699 390 852 428 Euboea
867 391 1063 441 profectus
1081 403 1169 429 cum
1187 390 1337 429 duobus
1354 390 1507 428 milibus
1524 390 1632 429 Thra-

251 458 340 484 cum
356 445 684 497 Macedonumque
702 446 747 484 ad
764 446 1053 497 depopulandos
1069 446 1362 484 Atheniensium
1379 446 1475 484 fines
1491 445 1647 496 regione

204 508 222 539 2
251 501 441 540 Eleusinis
458 501 597 540 saltum
611 502 850 541 Cithaeronis
867 502 1124 549 transcendit3
1142 502 1229 540 inde
1248 502 1403 541 dimidia
1421 506 1529 553 parte
1545 501 1647 540 mili-

250 562 335 597 tum
364 557 409 596 ad
439 558 701 609 praedandum
730 559 874 609 passim
901 570 969 609 per
994 570 1105 608 agros
1133 558 1289 596 dimissa
1318 571 1407 596 cum
1437 562 1546 609 parte
1567 557 1647 608 ipse

203 619 222 649 3
251 614 423 653 occultus
447 615 530 653 loco
554 614 600 653 ad
624 614 781 652 insidias
798 619 1020 665 opportuno
1038 614 1223 660 consedit,
1247 619 1302 660 ut,
1321 614 1352 652 si
1369 627 1414 652 ex
1430 613 1584 652 castello
1602 612 1647 652 ab
1712 616 1715 618 ’

249 669 428 708 Eleusine
450 670 488 708 in
510 670 728 721 praedantis
750 683 841 709 suos
858 671 1026 721 impetus
1046 671 1165 716 fieret,
1190 675 1349 721 repente
1365 670 1488 708 hostis
1506 670 1648 708 effusos

204 731 223 761 4
251 738 298 764 ex
319 725 528 776 improviso
550 726 780 765 adoriretur.
812 738 892 764 non
911 726 1080 765 fefellere
1103 726 1271 764 insidiae.
1305 726 1432 777 itaque
1448 724 1647 771 revocatis,

252 781 316 832 qui
333 781 593 821 discurrerant
610 783 655 820 ad
672 782 948 833 praedandum,
967 781 1149 820 militibus
1165 782 1440 833 instructisque
1458 781 1504 820 ad
1522 792 1647 832 oppu-

251 837 446 888 gnandum
467 839 665 876 castellum
686 838 906 877 Eleusinem
922 838 1117 889 profectus
1139 851 1227 877 cum
1250 838 1383 876 multis
1404 837 1492 876 inde
1512 837 1648 876 vulne-

204 899 222 929 5
251 894 356 932 ribus
373 894 532 932 recessit
548 894 804 944 Philippoque
822 907 862 932 se
880 894 1048 932 venienti
1063 906 1107 931 ex
1118 893 1258 932 Achaia
1275 894 1485 933 coniunxit.
1517 902 1648 944 temp-

251 954 331 988 tata
362 954 399 987 et
422 949 467 987 ab
496 949 579 999 ipso
606 961 694 999 rege
723 949 957 999 oppugnatio
985 949 1157 987 eiusdem
1179 949 1320 987 castelli
1341 955 1419 996 θεῖς
1446 949 1514 987 sed
1533 960 1648 987 naves

252 1005 448 1044 Romanae
466 1004 628 1043 aPiraeo
644 1005 839 1043 venientes
856 1004 1201 1054 intromissumque
1215 1004 1451 1055 praesidium
1468 1004 1650 1043 absistere

205 1064 225 1096 6
251 1061 404 1112 incepto
428 1065 648 1111 coegerunt.
690 1061 809 1099 diviso
838 1060 974 1099 deinde
995 1060 1163 1099 exercitu
1191 1072 1258 1099 rex
1279 1073 1366 1099 cum
1387 1064 1495 1112 parte
1516 1059 1649 1099 Philo-

252 1117 350 1156 clem
366 1116 535 1155 Athenas
551 1116 682 1163 mittit,
700 1129 789 1156 cum
805 1122 912 1167 parte
929 1117 1107 1155 Piraeum
1123 1116 1259 1166 pergit,
1276 1121 1331 1160 ut,
1349 1116 1442 1155 dum
1459 1115 1650 1155 Philocles

253 1173 455 1212 subeundo
484 1184 618 1211 muros
645 1177 683 1210 et
709 1173 979 1211 comminanda
1008 1172 1293 1223 oppugnatione
1321 1171 1535 1211 contineret
1554 1171 1651 1210 urbe

254 1228 519 1271 Athenienses,
538 1228 617 1279 ipse
628 1228 804 1267 Piraeum
821 1228 893 1267 levi
910 1240 998 1267 cum
1016 1228 1205 1278 praesidio
1221 1228 1398 1266 relictum
1408 1226 1651 1278 expugnandi

208 1290 224 1320 7
255 1285 414 1324 facultas
445 1289 560 1322 esset.
606 1289 777 1323 ceterum
806 1284 924 1323 nihilo
952 1284 987 1322 ei
1008 1284 1129 1322 Piraei
1155 1296 1269 1334 quam
1292 1284 1483 1322 Eleusinis
1505 1283 1651 1322 facilior

254 1341 376 1379 isdem
397 1341 478 1379 fere
500 1340 795 1379 defendentibus
817 1340 1050 1391 oppugnatio
1076 1340 1160 1378 fuit.
1193 1353 1213 1378 a
1233 1340 1366 1378 Piraeo
1389 1339 1558 1378 Athenas
1585 1351 1648 1378 re-

208 1402 227 1434 8
254 1402 370 1449 pente
399 1396 518 1435 duxit.
569 1396 656 1435 inde
683 1396 884 1447 eruptione
912 1396 1036 1435 subita
1064 1396 1240 1447 peditum
1267 1396 1522 1447 equitumque
1551 1394 1651 1434 inter
1702 1447 1704 1449 ‚

255 1495 428 1529 starkerer
444 1495 618 1527 Ansdruek
636 1496 686 1527 als
704 1507 732 1527 c.
753 1496 804 1538 24,
824 1496 853 1527 3.
873 1514 917 1519 —-

256 1543 408 1573 Atticam
437 1540 523 1572 kann
551 1540 625 1572 hier
647 1540 804 1582 Adjectiv
833 1541 915 1580 sein,

257 1586 325 1627 vgl.
344 1597 370 1617 c.
389 1585 442 1626 26,
467 1587 517 1616 11.

302 1625 372 1661 26.
400 1630 482 1661 1ψ3.
509 1630 663 1670 ΡΙιίἰοοΙ.,
688 1641 715 1661 c.
738 1630 795 1669 16,
818 1630 853 1669 2,
880 1640 916 1661 er

258 1675 385 1707 scheint
400 1675 459 1706 das
478 1674 672 1706 Commando
691 1673 749 1706 auf
762 1675 820 1705 der
837 1685 917 1715 gan-

257 1730 316 1751 zen
334 1718 437 1761 Insel‚
463 1719 610 1750 einzelne
628 1719 744 1751 St'zidte
763 1720 843 1751 noch
861 1720 918 1751 be-

257 1765 397 1796 sondere
422 1763 670 1804 Besefflshabcr,
701 1774 725 1795 s.
751 1775 776 1795 c.
803 1763 860 1803 23,
887 1765 917 1804 8,

258 1809 377 1849 gehabt
395 1820 434 1840 zu
451 1809 566 1840 haben.
585 1827 628 1832 —-
645 1820 717 1851 regn
738 1809 802 1849 El.‚
820 1820 846 1840 s.
868 1809 917 1850 10,

259 1855 316 1894 34,
336 1854 373 1891 7;
393 1853 451 1893 33,
474 1854 529 1892 17,
549 1853 584 1891 63
604 1853 680 1884 bell.
701 1852 771 1884 Afr.
791 1855 847 1885 30:
867 1864 920 1885 re·-

255 1900 356 1940 gz'one
378 1898 531 1939 fluminis
554 1897 632 1929 Nili.
656 1916 694 1920 —
721 1898 796 1928 salt.
823 1898 850 1928 C
849 1899 918 1939 lm,

259 1942 321 1973 die'
342 1941 471 1973 Grenze
497 1942 659 1973 zwischen
690 1942 825 1973 Bb'otien
854 1943 918 1973 und

259 1987 385 2018 Attika.
409 2005 453 2009 —
472 1988 603 2029 passim
627 1987 729 2018 niiher
752 1987 918 2018 bestilnmt

259 2032 361 2063 durch
376 2041 440 2073 pel·
456 2042 576 2073 agros,
595 2043 620 2062 s.
641 2032 698 2073 40,
718 2032 776 2069 33,
796 2032 829 2062 7:
849 2034 917 2062 toto

256 2078 384 2119 passim
413 2086 499 2118 agro
532 2087 565 2107 se
598 2076 829 2118 diffuderunt:
865 2076 918 2116 37,

260 2121 318 2162 20,
337 2122 367 2150 5.
386 2138 429 2142 -
445 2131 491 2152 ex·
508 2124 590 2152 cast.
609 2122 649 2151 ab
668 2121 716 2152 El.
741 2121 799 2162 ist,
824 2131 918 2152 wenn

260 2165 312 2196 die
330 2164 450 2197 Worte
468 2166 589 2206 richtig
606 2166 691 2207 sind,
710 2177 749 2196 zu
768 2166 918 2197 nehnien:

260 2220 318 2241 aus
337 2211 409 2241 dein
427 2210 551 2242 Castcll
569 2221 631 2241 von
650 2210 699 2241 El.
719 2211 793 2251 her,
820 2222 845 2241 c.
866 2211 919 2250 24,

261 2255 290 2296 9,
308 2255 374 2295 vgl.
395 2254 461 2286 Cic.
479 2255 575 2288 Verr.
597 2257 633 2294 5,
652 2255 711 2296 72,
735 2256 812 2295 1873
832 2267 848 2286 e
865 2266 921 2286 sct-

259 2301 371 2331 crtzrt'o
392 2299 525 2339 Catium
545 2300 586 2331 ib.
606 2300 641 2341 4,
661 2299 720 2338 43,
738 2299 795 2330 93:
816 2301 921 2342 Agri-

257 2347 360 2385 gento
383 2363 405 2366 —
427 2355 472 2375 occ
493 2345 596 2386 sano,
622 2355 682 2375 nur
705 2345 781 2375 «lass
805 2344 840 2375 L.
866 2344 920 2376 bei

261 2388 491 2420 Stiidtenalnen
509 2400 530 2419 ιι
547 2394 643 2429 setzt,
663 2399 688 2421 s.
706 2388 727 2430 ξ
745 2391 763 2419 5
784 2390 848 2429 vgl.
868 2390 920 2429 21,

261 2433 312 2474 49,
329 2433 363 2471 3;
381 2435 462 2465 auch
482 2444 507 2464 c.
524 2433 577 2473 25,
594 2434 612 2464 2
627 2434 711 2465 wird
726 2434 782 2465 das
797 2434 919 2465 Castcll

260 2488 325 2552 gon
350 2478 407 2509 der
425 2479 519 2510 stadt
542 2479 754 2521 geschieden,
779 2479 919 2511 Bursian

1035 1495 1123 1526 5-7.
1148 1506 1169 1526 a.
1189 1495 1325 1536 Piraeo,
1350 1496 1412 1526 wie
1437 1500 1532 1527 sonst
1552 1505 1574 1526 α
1597 1495 1652 1527 hei
1702 1514 1708 1529 -,

989 1539 1652 1582 Stfidtenamen‚s.c.22,ss;25‚2;24,12,

990 1584 1021 1616 3.
1040 1604 1078 1607 —
1099 1595 1176 1616 cam
1196 1587 1295 1627 parte
1312 1604 1332 1607 -
1347 1587 1448 1627 parte
1465 1585 1521 1616 hat
1541 1585 1571 1615 in
1590 1584 1652 1616 den

990 1634 1119 1669 ersten,
1152 1629 1315 1661 Philocles
1341 1630 1421 1661 aber
1443 1630 1508 1661 und
1531 1631 1600 1672 ipsi
1620 1629 1653 1660 in

991 1675 1051 1705 (len
1070 1673 1147 1714 folg.
1169 1673 1292 1705 Siitzen
1310 1674 1369 1705 den
1388 1673 1598 1713 Nachdruck,
1616 1684 1654 1705 so

991 1719 1067 1750 dass
1097 1728 1132 1750 es
1157 1719 1222 1749 wol
1248 1718 1337 1751 nicht
1366 1718 1479 1759 niithig
1506 1719 1551 1750 ist
1579 1728 1656 1750 cum
1714 1743 1715 1746 ,

988 1766 1088 1806 parte
1105 1766 1177 1806 ipse
1195 1774 1236 1794 zu
1258 1764 1360 1795 lesen.
1379 1782 1423 1786 --
1441 1762 1614 1795 subeundo
1633 1781 1655 1786 -

992 1819 1151 1851 ομρ113·η.,
1175 1808 1242 1848 vgl.
1267 1808 1348 1839 iiber
1371 1808 1423 1839 die
1441 1808 1655 1839 Zusaminen-
1713 1806 1715 1816 ³

992 1853 1136 1893 stellung
1160 1853 1215 1883 des
1236 1850 1381 1884 Gerund.
1406 1853 1469 1883 und
1488 1851 1653 1883 Gerundi-

992 1908 1067 1928 vum
1086 1898 1145 1937 25,
1164 1898 1222 1938 40,
1242 1897 1279 1934 63
1300 1897 1351 1936 37,
1374 1897 1430 1938 18,
1450 1897 1480 1927 2.
1501 1916 1539 1919 —
1560 1897 1654 1939 urbe,

991 1942 1049 1973 der
1063 1940 1136 1973 Abl.
1155 1941 1207 1972 bei
1225 1943 1395 1973 continere
1413 1941 1456 1973 ist
1472 1941 1584 1982 haufig
1601 1941 1655 1974 bei

992 1986 1040 2026 L.,
1059 1997 1084 2017 s.
1106 1986 1158 2028 33,
1177 1986 1229 2025 20,
1249 1986 1284 2025 23
1304 1987 1356 2028 34,
1379 1987 1412 2027 1,
1432 1988 1450 2018 5
1468 1997 1497 2018 u.
1518 1996 1565 2026 a.;
1585 1986 1653 2026 vgl.

992 2042 1032 2061 zu
1051 2032 1102 2071 25,
1117 2031 1169 2072 22,
1185 2031 1220 2069 93
1241 2030 1293 2073 28,
1308 2032 1337 2072 9,
1356 2031 1405 2062 14.
1424 2049 1468 2053 -—
1483 2031 1653 2073 Piraeum,

991 2076 1042 2106 ‹lie
1072 2074 1280 2107 anenstadt.
1309 2094 1353 2098 —
1381 2075 1444 2107 levi
1471 2076 1654 2107 leichtwie-

991 2120 1091 2161 gend,
1116 2121 1361 2163 unbedeutend,
1386 2120 1445 2160 22,
1472 2121 1528 2162 24,
1553 2120 1582 2151 2.
1610 2138 1654 2143 -

991 2166 1108 2205 dua-lt,
1133 2166 1191 2206 43,
1211 2166 1269 2206 23,
1292 2166 1319 2196 1.
1339 2184 1382 2188 -
1398 2165 1500 2197 ηίΙηῚο
1522 2184 1543 2188 -
1564 2165 1655 2207 faci·-

993 2210 1075 2249 Ιιόν,
1109 2220 1145 2241 cr
1178 2209 1252 2241 fand
1285 2210 1380 2242 ‹labei
1412 2210 1533 2241 ebenso
1569 2209 1654 2241 vielc

994 2254 1305 2296 Schwierigkeite03
1331 2254 1442 2286 Duker
1465 2255 1654 2286 vermuthet

992 2299 1137 2341 felicior.
1156 2318 1199 2322 —
1217 2299 1321 2331 isdem
1339 2299 1434 2341 fere,
1459 2299 1501 2330 im
1519 2298 1653 2331 Ganzen

994 2345 1159 2375 (liesclben
1183 2344 1303 2386 Leutc,
1334 2353 1428 2375 wenn
1455 2344 1537 2375 auch
1565 2344 1655 2376 nicht

993 2390 1114 2430 gerade
1132 2390 1196 2420 alle
1214 2389 1403 2420 Einzelnen.

1040 2434 1068 2465 8.
1100 2436 1205 2475 inter,
1236 2434 1313 2465 weil
1342 2433 1394 2464 die
1422 2432 1560 2465 Mauern
1589 2443 1653 2465 von

994 2478 1195 2510 zweiSeiten
1210 2479 1270 2509 den
1285 2477 1388 2509 Ranin
1401 2478 1653 2510 einschliesseu:

994 2523 1164 2555 innerhalb
1181 2524 1240 2555 der
1258 2523 1371 2555 beiden
1389 2522 1542 2566 Mauern,
1565 2524 1655 2555 inter
