1715 2723
167 143 250 185 334

558 140 681 172 LIBER
705 137 901 173 XXXVIII.
933 138 1026 171 CAP.
1051 141 1104 173 37.
1133 140 1187 173 38.

1423 144 1449 162 a..
1469 144 1498 162 u.
1519 136 1580 162 566.

166 252 320 296 tempus
343 249 488 295 petens,
509 248 551 280 ut
571 253 702 292 regem
714 240 949 280 Antiochum
970 240 1016 279 de
1032 239 1127 279 urbe
1148 240 1329 280 tradenda
1351 240 1581 280 consuleret.

108 307 144 339 11
166 302 253 341 dato
284 306 459 350 tempore
484 298 531 336 ad
558 310 641 336 eam
672 297 773 336 diem
797 297 988 348 praesidio
1019 296 1223 335 decessum
1252 302 1320 337 est.
1349 309 1369 336 a
1396 297 1518 348 Perga
1537 296 1580 335 L.

165 357 304 397 Manlio
328 358 444 394 fratre
465 366 554 392 cum
576 358 759 404 quattuor
780 352 935 392 milibus
955 353 1118 392 militum
1131 353 1310 392 Oroanda
1324 354 1371 392 ad
1386 354 1582 404 reliquum

166 412 350 464 pecuniae
381 423 426 449 ex
457 423 514 456 eo,
546 410 650 460 quod
682 409 919 460 pepigerant,
950 409 1182 460 exigendum
1209 410 1342 456 misso,
1368 409 1462 460 ipse,
1494 409 1583 459 quia

165 470 380 508 Eumenem
411 478 540 517 regem
572 471 609 505 et
639 466 770 504 decem
801 466 944 516 legatos
975 465 1021 504 ab
1049 466 1171 504 Roma
1202 466 1399 517 Ephesum
1430 466 1582 504 venisse

165 525 336 563 audierat
347 554 355 570 ,

165 580 329 620 reduxit.

90 634 147 674 38

406 523 521 561 iussis
565 522 675 572 sequi
718 522 895 561 Antiochi
935 522 1065 573 legatis
1108 526 1317 572 Apameam
1372 521 1582 560 exercitum

283 636 339 675 lbi
362 647 407 673 ex
433 635 566 674 decem
587 635 801 685 legatorum
822 635 1009 673 sententia
1031 635 1168 673 foedus
1188 635 1228 678 in
1251 635 1344 673 haec
1365 633 1481 672 verba
1504 636 1584 672 fere

128 697 147 728 2
167 705 254 732 cum
287 692 476 731 Antiocho
508 692 774 742 conscriptum
805 698 881 730 est:

165 749 311 801 populo
342 749 519 787 Romano
556 748 615 786 his
650 748 798 799 legibus
837 753 873 786 et
910 748 1203 786 condicionibus
1243 752 1346 786 esto:

924 691 1110 737 „amicitia
1149 691 1228 742 regi
1259 690 1448 729 Antiocho
1493 702 1584 728 cum

1386 759 1435 785 ne
1467 758 1583 796 quem

167 805 400 851 exercitum,
442 806 508 855 qui
534 817 624 843 cum
654 804 799 855 populo
830 804 1007 842 Romano
1039 805 1200 843 sociisve
1230 804 1374 842 bellum
1405 809 1584 854 gesturus

167 862 248 909 erit,
271 874 338 900 rex
362 873 432 911 per
451 861 548 899 fines
569 861 677 911 regni
701 861 760 899 sui
783 872 981 906 eorumve,
1003 861 1069 910 qui
1090 860 1162 899 sub
1184 860 1334 898 dicione
1355 860 1437 898 eius
1458 865 1584 905 erunt,

128 927 147 958 3
165 918 328 957 transire
357 917 485 964 sinito,
515 929 592 956 neu
624 922 841 955 commeatu
873 929 949 955 neu
982 929 1056 966 qua
1087 917 1155 955 alia
1187 929 1259 967 ope
1289 916 1440 962 iuvat03

165 974 331 1014 Romani
361 974 533 1023 sociique
563 973 754 1011 Antiocho
785 979 822 1011 et
850 973 915 1019 iis,

1480 915 1583 953 idem

958 972 1023 1022 qui
1050 973 1122 1012 sub
1153 972 1316 1023 imperio
1349 972 1430 1010 eius
1459 977 1584 1017 erunt,

165 1036 371 1082 praestent.
413 1030 500 1068 belli
537 1029 696 1080 gerendi
734 1030 794 1068 ius
821 1029 1012 1068 Antiocho
1053 1042 1102 1068 ne
1143 1035 1222 1068 esto
1255 1041 1343 1067 cum
1383 1028 1477 1075 illis,
1518 1027 1585 1078 qui

127 1092 147 1123 4
165 1088 308 1126 insulas
337 1087 480 1133 colunt,
512 1098 609 1124 neve
633 1086 673 1124 in
701 1086 898 1136 Europam
930 1086 1168 1125 transeundi.

1218 1084 1389 1125 excedito
1422 1083 1584 1122 urbibus

165 1144 264 1195 agris
292 1143 384 1182 vicis
408 1143 566 1181 castellis
588 1143 642 1181 cis
666 1142 839 1181 Taurum
859 1148 1033 1181 montem
1055 1155 1180 1193 usque
1203 1142 1248 1180 ad
1272 1141 1397 1192 Halyn
1418 1152 1585 1187 amnem,

167 1289 224 1321 der
255 1286 491 1320 Befehlshabcr
523 1287 619 1319 keine
645 1286 749 1319 Ordre
785 1297 839 1319 er—

165 1334 278 1366 halten
310 1332 522 1365 abzuziehen.
556 1351 600 1355 —
632 1335 676 1364 ad
705 1345 771 1365 eam
799 1335 841 1374 αἱ,

166 1390 207 1411 an
255 1378 375 1411 diesem
417 1378 508 1420 Tage
555 1390 585 1411 u.
635 1389 660 1409 s.
712 1388 753 1411 w.
797 1395 838 1400 --

167 1427 325 1463 Oroanda,
365 1434 392 1456 c.
437 1425 495 1462 183
539 1426 588 1464 19,
635 1433 687 1455 wo
720 1423 841 1464 jedoch

166 1470 257 1501 nicht
296 1469 445 1501 bemerkt
482 1469 537 1509 ist,
581 1470 654 1501 dass
697 1469 745 1500 sie
782 1480 842 1500 nur

167 1515 261 1547 einen
273 1515 369 1546 Theil
394 1515 451 1546 der
473 1516 537 1548 200
554 1514 693 1547 Talente
708 1514 842 1546 bezahlt

165 1561 282 1594 haben.
325 1580 367 1586 -
406 1562 553 1601 Eumeoz„
600 1571 624 1592 s.
669 1559 689 1601 ξ
730 1562 760 1593 6.
798 1579 841 1582 -—

166 1609 264 1638 decem
290 1609 358 1648 leq„
385 1605 431 1637 sie
456 1606 528 1637 sind
546 1605 598 1637 ein
615 1606 697 1636 Jahr
722 1606 843 1637 vorher

166 1652 315 1693 gewiihlt
339 1651 490 1691 werden,
532 1662 556 1683 s.
583 1653 646 1691 37,
674 1653 735 1690 55,
776 1651 841 1682 und

165 1697 318 1729 scheinen
346 1707 382 1727 so
407 1696 502 1737 lange
523 1696 556 1727 in
573 1696 654 1728 Rom
675 1696 840 1736 ver-weilt,

168 1743 218 1774 die
244 1742 521 1782 Verhandlungen
548 1744 600 1781 37,
629 1742 717 1774 521s.
743 1741 839 1782 lange

167 1788 323 1829 gedaueit
349 1798 388 1818 zu
406 1788 520 1819 haben.
548 1805 590 1810 -—
614 1790 745 1826 venisse,
770 1787 840 1820 Pol.

167 1845 192 1866 c.
220 1835 273 1872 44,
299 1835 337 1867 6:
364 1835 402 1866 οἱ
426 1833 512 1865 deza
538 1835 791 1885 πρεσβνειταὶ
800 1851 838 1855 —

167 1879 201 1917 ἐς
219 1874 380 1923 Εᾳεσοι
415 1880 669 1912 κ(ετὲπ)ει”σαι
694 1896 737 1900 -
769 1873 838 1921 ἠδη

166 1925 227 1967 τῆς
253 1928 400 1970 θερειας
425 1921 640 1970 ἀρχομένης

213 1966 373 2006 381-
377 1972 555 2003 &ea-dec.
581 1972 707 2011 hya,
732 1980 758 2000 c.
787 1970 839 2009 58,

171 2017 326 2056 11,ng
372 2017 425 2049 33
470 2016 769 2056 30,1:qu0rum
805 2027 841 2046 ec

169 2063 298 2093 consi'lw
324 2073 394 2100 pax
427 2064 500 2092 data
529 2063 676 2100 Philippo
713 2073 747 2092 m
784 2063 841 2092 has

168 2109 245 2148 leyes
284 2113 337 2138 est.
384 2107 475 2137 Doch
524 2106 566 2137 ist
611 2107 662 2138 die
704 2106 840 2147 Angabe

165 2152 363 2183 schwerlich
411 2162 534 2192 gemin,
584 2153 640 2183 das
684 2151 842 2183 Biindniss

166 2207 239 2228 war
271 2196 394 2229 bereits
428 2198 699 2238 abgeschlossen,
732 2208 757 2229 s.
787 2199 841 2232 37,

169 2245 228 2282 55,
271 2244 309 2283 3,
352 2243 412 2274 den
441 2242 628 2274 Gesandtcn
662 2253 733 2273 war
758 2243 841 2273 nach

169 2290 228 2325 37,
257 2290 316 2325 56,
344 2290 359 2321 1
391 2298 452 2319 nur
475 2289 667 2320 iiberlassen
692 2288 735 2318 im
760 2287 841 2318 Eiu-

168 2333 281 2364 zelnen
309 2333 552 2375 Auordnungen
588 2334 668 2365 iiber
703 2333 754 2364 die
787 2333 842 2364 ab·

169 2382 359 2418 getreteneu
386 2379 516 2411 Laude1
541 2390 579 2410 zu
604 2379 741 2415 tr,cll'cn
774 2389 816 2418 ν
801 2378 842 2409 o·.l

169 2422 237 2454 Pol
260 2434 285 2456 6
311 2425 602 2464 44,1();ὲόοξει
624 2424 841 2478 -κιρῶσαι

168 2469 316 2520 πρῶτοι
355 2482 398 2501 τα
433 2467 527 2522 πρὸς
561 2467 624 2503 τὸν
653 2467 843 2513 ’Λντιοχον

171 2511 274 2558 ὅρκια
314 2517 374 2546 καὶ
416 2527 479 2552 τας
522 2526 588 2549 συ)
593 2511 707 2567 ‘trinas‘
741 2532 782 2537 —
809 2514 844 2552 ἐς

170 2559 318 2592 αὐτῶν
346 2560 430 2592 τῶ)
456 2561 506 2604 ἐ)
516 2573 538 2604 2
548 2556 738 2607 pass-[rma
756 2571 842 2592 ποι-

910 1290 1033 1320 εἷσθαι1
1080 1282 1144 1323 τὰς
1185 1283 1379 1323 διαλύσεις.
1428 1285 1462 1316 In
1514 1286 1585 1327 dem

910 1332 1100 1364 definitiven
1135 1330 1276 1362 Frieden
1324 1341 1396 1362 war
1428 1330 1584 1362 Manches

909 1376 1139 1418 hinzugefu'gt,
1184 1387 1209 1408 s.
1253 1375 1274 1417 ξ
1319 1378 1376 1416 18,
1421 1378 1440 1410 9
1474 1387 1505 1408 ιι.
1542 1386 1584 1416 a.,

909 1423 1058 1455 Anderes
1091 1432 1235 1464 genauer
1269 1422 1434 1454 bestimmt
1466 1422 1515 1453 als
1551 1421 1585 1452 in

910 1469 971 1500 den
996 1467 1405 1509 Friedenspriiliminarien
1442 1468 1494 1507 37,
1529 1469 1584 1506 45,

914 1516 953 1548 14
973 1514 1002 1545 ff.
1030 1533 1073 1536 —
1100 1516 1134 1544 in
1158 1515 1186 1545 Ιι.
1214 1524 1243 1544 v.
1268 1514 1322 1554 f.‚
1359 1512 1466 1544 dieses
1497 1516 1587 1544 etwa

910 1570 982 1591 war
1007 1559 1065 1591 der
1089 1559 1135 1590 W
1140 1558 1275 1591 ortlaut.
1301 1577 1345 1581 -
1372 1560 1501 1596 amicit„
1530 1559 1586 1598 34,

912 1608 964 1645 57,
1008 1608 1037 1637 7.
1082 1622 1126 1627 -
1165 1607 1234 1645 reqi
1269 1606 1350 1636 Ant.
1393 1603 1457 1635 wie
1490 1602 1511 1643 ξ
1546 1604 1585 1642 ὃς

910 1651 1027 1682 anders
1061 1651 1079 1689 ἓ
1113 1651 1143 1682 3.
1181 1667 1225 1672 —
1261 1651 1455 1687 condiez'on„
1494 1647 1585 1679 nicht

910 1695 1106 1727 wesentlich
1157 1705 1221 1726 von
1270 1694 1331 1726 den
1379 1697 1457 1736 Zeqes
1507 1703 1586 1725 ver-

909 1741 1083 1781 schieden,
1113 1742 1166 1781 31,
1196 1742 1247 1780 11,
1277 1742 1327 1773 17.
1356 1757 1398 1762 -
1429 1750 1468 1771 ne
1495 1750 1586 1780 quem

909 1791 993 1825 cto,
1036 1797 1062 1818 c.
1096 1788 1154 1823 11,
1180 1787 1219 1825 2,
1259 1785 1303 1817 ist
1328 1787 1389 1826 37,
1427 1786 1469 1818 45
1495 1784 1586 1815 nicht

910 1832 1082 1873 erw'zihnt,
1115 1832 1272 1863 verstand
1309 1831 1379 1862 sich
1416 1831 1501 1862 nach
1525 1830 1584 1861 den

910 1877 1139 1909 Grunds'zitzen
1164 1877 1222 1908 der
1240 1876 1358 1908 R'omer
1382 1886 1447 1907 von
1471 1875 1585 1907 selbst.

913 1942 947 1946 —
955 1926 1062 1965 insul„
1073 1922 1349 1954 wahrscheinlich
1360 1921 1412 1953 die
1422 1921 1586 1952 zwischen

909 1968 1008 2001 Asien
1051 1969 1114 2000 und
1149 1967 1402 2007 Griechenlaud,
1442 1965 1513 1998 Pol.
1557 1976 1584 1999 c.

910 2016 963 2048 45
1010 2017 1048 2048 4:
1090 2010 1144 2065 μὴ
1185 2013 1393 2058 πολεμῆσαι
1428 2029 1473 2035 --
1509 2014 1586 2049 τοῖς

912 2061 974 2093 ἐπὶ
1001 2063 1080 2096 ταῖς
1088 2055 1236 2111 ιήσοις,
1265 2045 1358 2104 μηδὲ
1392 2070 1468 2095 τοις
1493 2053 1585 2090 κατὰ

910 2116 975 2148 την
988 2100 1181 2156 Εἰρωπη).
1203 2123 1246 2127 —
1266 2106 1406 2143 Europa,
1427 2103 1588 2134 zuniichst

910 2151 967 2182 der
991 2150 1178 2182 th11cische
1206 2149 1400 2181 Che1sone5.

956 2198 985 2229 4.
1012 2198 1141 2227 urbibus
1183 2214 1227 2218 --
1262 2197 1405 2234 castellis,
1447 2193 1586 2246 Polym

911 2242 1112 2287 ἕκχωρείτω
1139 2240 1177 2274 δὲ
1199 2236 1345 2273 mitem
1369 2240 1431 2272 καὶ
1452 2235 1586 2284 χώρας.

911 2306 953 2309 —
987 2290 1030 2318 ad
1059 2289 1192 2327 Halyn,
1228 2290 1313 2317 statt
1347 2286 1402 2317 des
1435 2285 1506 2317 hds.
1546 2286 1590 2316 ad

911 2335 1065 2367 Tanaim
1100 2333 1182 2363 nach
1216 2331 1334 2363 Stiabo
1369 2332 1409 2371 6,
1444 2333 1482 2369 4,
1512 2331 1530 2362 2
1557 2340 1586 2371 p.

912 2373 1329 2418 237102'ss‘Emr7155
1361 2378 1418 2409 καὶ
1456 2378 1587 2408 Μακε-

912 2420 1016 2461 (ἲὸιες
1057 2436 1117 2456 και
1159 2423 1220 2464 τῆς
1253 2420 1374 2458 Ἀσίας
1414 2422 1450 2454 οἱ
1487 2417 1588 2457 ἐντὸς

904 2465 1036 2506 Alvos·
1067 2470 1129 2501 καὶ
1163 2472 1228 2501 τοῦ
1258 2463 1426 2517 Ταύρους
1468 2467 1586 2505 12,1,

913 2518 950 2553 3;
991 2514 1142 2555 obgleich
1182 2514 1264 2545 auch
1305 2522 1340 2544 so
1376 2511 1428 2542 die
1459 2510 1587 2542 Greuze

913 2559 1003 2590 nicht
1035 2569 1142 2600 genau
1176 2558 1340 2590 bestimmt
1372 2555 1475 2596 wird,
1510 2555 1587 2587 weil
