1715 2723
150 736 209 776 57

223 116 307 158 260

625 113 748 145 LIBER
771 111 949 145 XXXVII.
981 112 1076 144 CAP.
1102 115 1154 146 56.
1180 116 1231 147 57.

1483 119 1508 137 a.
1530 119 1557 137 u.
1576 111 1635 139 565.

225 231 298 258 nec
329 218 536 268 quicquam
563 215 813 265 impetratum
842 220 1003 253 testante
1033 214 1189 253 foedera
1207 216 1421 266 Antipatro,
1453 215 1639 254 adversus

225 287 323 326 quae
344 273 390 312 ab
413 271 574 311 Rhodiis
597 283 678 309 non
698 271 831 318 Solos,
864 271 931 309 sed
952 271 1120 309 Ciliciam
1138 271 1216 321 peti
1234 277 1271 309 et
1291 271 1379 322 iuga
1394 272 1511 310 Tauri
1532 278 1639 310 tran·
1683 304 1687 308 ,

185 346 207 378 9
225 329 368 369 scendi.
393 327 580 367 revocatis
601 328 641 366 in
662 332 839 365 senatum
857 327 1033 374 Rhodiis,
1054 339 1145 365 cum
1166 333 1310 378 quanto
1334 340 1449 378 opere
1466 328 1642 366 tenderet
1687 337 1690 340 ⁴

226 387 371 437 legatus
402 384 544 435 regius,
573 383 865 434 exposuissent,
892 383 1126 431 adiecerunt,
1157 383 1189 421 si
1216 384 1349 434 utique
1373 396 1456 422 eam
1485 396 1568 422 rem
1595 384 1641 422 ad

228 441 386 481 civitatis
424 453 515 479 suae
556 439 778 490 dignitatem
803 440 996 490 pertinere
1027 445 1231 479 censerent
1256 440 1417 487 Rhodii,
1464 446 1641 479 senatum
1682 442 1689 467 ·'=

167 514 208 547 10
227 498 335 537 omni
356 497 474 536 modo
499 502 810 547 expugnaturum
830 496 1079 547 pertinaciam
1102 497 1325 547 legatorum.
1354 501 1440 534 tum
1460 508 1553 534 vero
1564 497 1640 534 im-

226 554 384 606 pensius
409 565 525 604 quam
548 553 783 592 anteRhodii
802 553 938 604 gratias
950 558 1122 603 egerunt,
1144 564 1400 603 cessurosque
1415 565 1499 591 sese
1513 553 1642 603 potius

226 610 465 661 arrogantiae
486 609 686 659 Antipatri,
719 621 837 659 quam
865 621 1017 647 causam
1047 609 1259 648 turbandae
1278 609 1382 660 pacis
1398 608 1642 660 praebituros
1688 628 1693 656 2

228 668 420 706 dixerunt.
468 666 518 704 ita
546 666 641 704 nihil
670 666 716 704 de
742 666 839 704 Solis
871 671 1062 704 mutatum
1093 672 1159 704 est.

341 723 416 762 Per
445 735 510 761 eos
537 723 630 769 dies,
657 722 798 772 quibus
829 722 923 760 haec
949 728 1052 772 gesta
1081 728 1182 768 sunt,
1215 722 1324 773 legati
1351 721 1644 760 Massiliensium
1691 741 1694 745 Δ

228 780 458 818 nuntiarunt
479 779 521 817 L.
541 778 726 817 Baebium
747 784 964 828 praetorem
985 779 1025 816 in
1047 778 1288 828 provinciam
1304 778 1528 828 Hispaniam
1548 790 1642 828 pro-

190 850 210 882 2
230 837 467 875 fieiscentem
497 835 543 873 ab
563 834 770 885 Liguribus
802 834 1123 881 circumventum,
1155 846 1291 885 magua
1321 841 1428 884 parte
1459 835 1645 872 comitum

231 905 339 931 caesa
380 892 625 930 vulneratum
654 891 785 941 ipsum
816 902 905 928 011111
936 891 1068 941 paucis
1099 891 1181 929 51110
1211 890 1410 930 lictoribus
1439 890 1645 929 Massiliam

191 956 210 987 3
229 949 446 1000 perfugisse
477 954 513 986 et
537 948 637 985 intra
666 947 836 985 triduum
859 947 1085 997 exspirasse.
1127 952 1282 985 senatus
1304 959 1346 985 ea
1366 959 1407 984 re
1429 946 1555 984 audita
1576 946 1644 985 de—

230 1005 360 1051 crevit,
381 1005 437 1042 uti
457 1004 499 1042 P.
520 1003 654 1042 Iunius
667 1003 822 1049 Brutus,
845 1003 911 1053 qui
935 1008 1164 1053 propraetor
1184 1003 1223 1041 in
1246 1003 1398 1041 Etruria
1418 1009 1528 1049 esset,
1550 1015 1644 1053 pro-
1693 1029 1696 1033 -

230 1061 355 1100 vincia
384 1060 632 1111 exercituque
663 1060 809 1098 traditis
836 1060 915 1106 uni,
946 1060 1008 1097 0111
1028 1060 1234 1106 videretur,
1265 1072 1311 1097 ex
1331 1059 1473 1109 legatis,
1503 1059 1585 1109 ipse
1605 1059 1646 1097 in
1693 1061 1698 1094 ζ

230 1118 456 1156 ulteriorem
480 1116 702 1167 Hispaniam
732 1116 1063 1166 proficisceretur,
1094 1128 1215 1166 eaque
1247 1116 1279 1154 ei
1305 1115 1504 1166 provincia
1535 1121 1645 1154 esset.
1692 1122 1699 1160 2

191 1187 213 1218 4
231 1175 306 1212 hoc
346 1178 500 1212 senatus
532 1173 754 1211 consultum
781 1172 1003 1223 litteraeque
1028 1185 1048 1210 a
1078 1173 1142 1222 Sp.
1172 1172 1373 1210 Postumio
1402 1177 1578 1222 praetore
1606 1171 1646 1209 in
1688 1195 1701 1212 ι,

193 1244 211 1275 5
232 1230 424 1269 Etruriam
457 1230 595 1268 missae
621 1235 723 1275 sunt,
754 1230 1031 1279 profectusque
1060 1229 1100 1266 111
1122 1229 1345 1280 Hispaniam
1371 1233 1427 1266 est
1446 1227 1488 1265 P.
1511 1227 1646 1267 Iunius
1690 1221 1703 1266 ’,ξ’

231 1292 472 1338 propraetor.

524 1286 564 1323 111
595 1298 670 1336 qua
700 1285 897 1336 provincia
928 1285 1035 1335 prius
1062 1285 1271 1335 aliquanto,
1300 1296 1415 1335 quam
1444 1296 1647 1323 successor
1691 1287 1695 1293 ‘

229 1344 397 1389 veniret,
441 1342 483 1380 L.
510 1342 696 1380 Aemilius
726 1341 886 1388 Paulus,
929 1341 994 1391 qui
1020 1346 1152 1391 postea
1181 1354 1311 1392 regem
1340 1341 1480 1379 Persea
1511 1353 1646 1391 magna
1703 1372 1705 1377 .

233 1400 352 1451 gloria
378 1399 485 1444 vicit,
517 1410 607 1437 011111
637 1398 766 1448 priore
797 1409 897 1435 anno
926 1397 1027 1435 haud
1051 1410 1238 1448 prospere
1260 1410 1340 1435 rem
1363 1396 1552 1447 gessisset,
1581 1404 1645 1435 tu-

232 1455 437 1494 multuario
460 1455 629 1493 exercitu
652 1454 808 1492 collecto
832 1454 950 1504 signis
972 1454 1114 1492 collatis
1135 1466 1224 1492 cum
1235 1453 1427 1492 Lusitanis
1449 1453 1645 1503 pugnavit.

192 1520 213 1552 6
233 1513 309 1550 fusi
339 1511 535 1562 fugatique
566 1511 718 1556 hostes3
750 1522 856 1548 caesa
888 1510 1018 1548 decen]
1048 1516 1132 1548 octo
1154 1511 1254 1549 milia
1276 1515 1536 1555 armatorum3
1568 1509 1645 1546 duo

233 1568 335 1606 milia
375 1567 535 1606 trecenti
560 1567 658 1617 capti
689 1573 725 1605 et
753 1572 875 1605 castra
905 1573 1132 1616 expugnata.

1192 1567 1306 1604 huius
1338 1564 1518 1604 victoriae
1548 1567 1647 1603 fama

231 1624 517 1675 tranquilliores
547 1623 587 1661 in
616 1623 798 1673 Hispania
829 1635 890 1660 res
920 1622 1019 1660 fecit.

231 1769 380 1816 πρῶτον
411 1768 583 1801 ἐπέταττε
619 1765 652 1809 (ἡ
692 1763 904 1811 σύγκλητος)

231 1811 352 1856 πάσης
401 1815 569 1850 Κιλικίας
623 1813 796 1859 ἐκχωρεῖν
843 1809 908 1845 τὸν

229 1857 420 1903 Ἀντίοχον
439 1863 503 1890 etc.
526 1859 725 1901 —soede7·a,
753 1858 786 1889 in
800 1858 908 1898 Bezug

232 1904 292 1937 auf
309 1905 360 1937 die
383 1904 553 1936 einzelnen
566 1903 708 1945 Artikel,
734 1915 759 1936 5.
779 1906 832 1945 38,
853 1906 907 1944 40,

235 1953 262 1984 1.
289 1969 333 1973 -
357 1953 486 1990 tender„
513 1951 575 1990 23,
605 1952 657 1989 14,
690 1951 719 1983 8.
745 1967 789 1972 —-
813 1961 907 1982 arro-

228 2003 327 2038 qam„
352 1996 424 2027 dem
447 1994 569 2026 Senate
598 1995 802 2035 gegeniiber,
830 1995 909 2026 oder

231 2041 310 2073 weil
345 2051 382 2072 er
411 2040 482 2073 eine
514 2040 716 2081 griechisehe
752 2040 848 2072 Stadt
875 2040 908 2071 111

231 2086 403 2129 Anspruch
429 2086 536 2117 nahm.

279 2150 455 2191 57-58.
482 2155 511 2186 2.
534 2152 725 2193 Ereignisse
750 2153 783 2184 in
809 2152 905 2194 Ligu-

232 2199 303 2231 rien
350 2199 414 2231 und
462 2198 622 2240 Spanien;
671 2198 722 2229 die
772 2198 905 2230 Colonie

231 2244 395 2284 Bononia3
412 2244 617 2284 Bewerbung
634 2254 686 2275 um
706 2243 758 2274 die
773 2243 905 2275 Censur.

232 2290 319 2323 Vell.
344 2289 416 2321 Pat.
445 2292 473 2330 1,
496 2291 554 2332 153
579 2288 665 2320 Plut.
683 2288 799 2320 Aemil.
814 2288 905 2320 Paul.

233 2337 273 2378 43
296 2334 390 2367 Titus
422 2336 472 2369 18.

281 2404 376 2436 1-6.
408 2405 503 2444 leyatz'
536 2406 618 2443 ete,
650 2402 707 2433 das
732 2400 825 2441 Folg.
855 2401 904 2432 bis

232 2458 258 2479 c.
303 2450 344 2481 59
390 2448 434 2479 ist
477 2448 561 2479 nach
605 2448 665 2478 den
709 2446 905 2478 Annalisten

232 2493 376 2527 erziihlt.
416 2511 459 2516 —
504 2495 542 2526 ab
581 2495 745 2534 Lzyurib.,
790 2493 903 2523 wahr-

231 2538 413 2570 scheinlieh
443 2538 498 2570 bei
529 2538 620 2570 einer
649 2538 825 2579 Landung,
863 2538 904 2568 da

975 1770 1066 1798 sonst
1094 1766 1125 1797 in
1150 1766 1257 1797 dieser
1275 1765 1349 1797 Zeit
1374 1766 1432 1797 der
1452 1766 1540 1807 VVeg
1564 1767 1648 1798 nach

975 1812 1118 1853 Spanien
1142 1822 1200 1843 zur
1227 1810 1287 1842 See
1312 1812 1465 1851 gemacht
1492 1812 1596 1851 wird,
1621 1823 1646 1844 5.
1700 1846 1701 1849 ¹

976 1859 1030 1893 21,
1075 1859 1135 1896 263
1179 1857 1240 1892 26,
1285 1858 1341 1896 19,
1384 1858 1444 1897 34,
1488 1858 1526 1895 8;
1564 1858 1648 1889 auch

976 1903 1109 1934 werden
1151 1913 1212 1933 nur
1247 1904 1370 1934 comites
1400 1903 1553 1934 erw'ahnt
1583 1903 1649 1934 und

977 1948 1035 1979 der
1057 1947 1257 1988 Nachl’olger
1279 1947 1389 1979 erh'alt
1412 1947 1486 1979 kein
1511 1948 1648 1980 anderes

976 1993 1070 2025 Heer.
1109 2011 1152 2015 -—-
1184 1996 1253 2025 sine
1276 1995 1357 2032 liet„
1386 1994 1439 2034 27,
1465 1994 1519 2033 27,
1548 1995 1577 2027 S.
1603 2012 1648 2016 —

975 2041 1113 2077 Iunius,
1151 2049 1178 2072 0.
1209 2041 1270 2079 50,
1299 2039 1351 2072 13.
1378 2055 1422 2060 —-
1449 2041 1525 2079 uni,
1566 2040 1649 2070 nach

976 2085 1047 2116 dem
1075 2084 1186 2125 Folg.:
1212 2083 1316 2115 einem
1338 2083 1534 2125 beliebigen,
1558 2094 1582 2115 s.
1608 2095 1648 2116 zu

976 2132 1038 2170 35,
1067 2132 1131 2170 34,
1157 2132 1188 2163 4.
1210 2147 1253 2152 —
1277 2136 1374 2161 senat.
1402 2141 1425 2161 c.
1449 2132 1513 2171 lia,
1539 2139 1564 2161 5.
1591 2131 1647 2169 24,

980 2178 1038 2215 14,
1067 2176 1105 2215 9;
1130 2177 1190 2215 41,
1221 2176 1278 2213 12,
1306 2177 1336 2207 7.
1365 2193 1409 2196 -
1432 2186 1578 2215 success„
1613 2173 1647 2207 P.

974 2220 1097 2254 Iunius.
1125 2239 1168 2242 —-
1186 2223 1306 2261 priore,
1332 2230 1357 2253 c.
1376 2221 1429 2253 46.
1444 2238 1487 2242 —-—
1511 2222 1646 2260 twmult„

975 2265 1078 2298 neben
1099 2266 1169 2297 dem
1194 2264 1461 2306 regelm'assigen,
1486 2276 1511 2296 5.
1536 2275 1562 2297 c.
1592 2267 1647 2304 46,

976 2314 1013 2353 '73
1033 2314 1086 2353 35,
1105 2313 1134 2351 2,
1158 2313 1187 2344 7.
1209 2330 1244 2333 —
1263 2313 1345 2352 fusi
1359 2314 1433 2351 etc„
1459 2309 1548 2345 Plut.
1565 2310 1586 2342 l.
1606 2310 1646 2342 l.:

973 2352 1076 2403 μάχῃ
1101 2356 1173 2402 μὲν
1188 2352 1255 2389 οὖν
1272 2356 1329 2393 δὶς
1349 2356 1387 2390 ἐκ
1412 2352 1648 2401 παρατάξεως

975 2402 1125 2443 ἐνίκησε.
1150 2420 1193 2424 —
1217 2397 1344 2439 πόλεις
1360 2400 1400 2434 δὲ
1418 2397 1647 2443 πεντήκοντα

973 2449 1032 2479 καὶ
1082 2447 1274 2484 διακοσίας
1308 2442 1528 2499 ἐχειρώσατο
1570 2451 1646 2487 etc„

972 2492 1250 2524 wahrscheinlich
1273 2502 1345 2522 war
1368 2492 1419 2523 die
1446 2492 1547 2523 durch
1574 2491 1646 2524 eine

973 2548 1035 2569 vor
1078 2536 1218 2569 Rurzem
1264 2535 1445 2577 gefundene
1491 2535 1647 2569 Inschrift
