1715 2723
114 164 140 182 a.
157 156 208 182 ch.
226 155 285 180 195.

114 249 237 302 perati
264 248 514 288 morabantur
540 248 773 287 Romanum.
815 247 966 285 navales
1003 259 1158 298 quoque
1195 257 1355 297 magnae
1390 246 1520 297 copiae
1552 251 1589 282 11

535 145 658 178 LIBER
676 144 838 178 XXXIV.

865 144 956 177 CAP.
975 145 1026 177 26.
1047 146 1100 177 27.
1438 145 1519 184 309

116 306 418 345 conveniebant:
446 305 521 343 iam
543 305 589 343 ab
610 303 782 342 Leucade
802 303 842 341 L.
866 303 1068 349 Quinctius
1091 303 1340 354 quadraginta
1361 303 1520 341 navibus

114 367 287 407 venerat,
320 362 392 400 iam
416 361 587 399 Rhodiae
608 373 699 398 xvm
719 364 841 397 tectae
863 371 997 405 naves,
1021 360 1096 397 iam
1118 360 1313 398 Eumenes
1335 372 1401 397 rex
1424 359 1521 397 circa

117 418 295 469 Cycladas
316 418 461 456 insulas
481 421 563 455 erat
590 429 678 455 cum
701 416 835 454 decem
856 416 966 453 tectis
994 415 1173 460 navibus,
1204 416 1356 465 triginta
1384 415 1520 453 lembis

116 475 323 525 mixtisque
353 474 434 512 aliis
461 473 620 511 minoris
648 472 796 510 formae
819 471 988 522 navigiis.
1031 472 1205 522 ipsorum
1228 484 1382 522 quoque
1402 472 1521 510 Lace-
1538 476 1592 517 {12

116 530 409 569 daemoniorum
431 529 559 567 exules
580 529 773 580 permulti,
795 534 1049 578 tyrannorum
1070 527 1208 565 iniuria
1229 528 1347 578 pulsi,
1370 540 1436 578 spe
1457 540 1521 566 re-

116 587 341 638 ciperandae
363 586 506 636 patriae
532 585 572 623 in
601 590 722 623 castra
744 585 917 623 Romana
938 589 1214 622 convenerunt.
1257 584 1369 621 multi
1389 588 1518 622 autem
1552 589 1592 621 13

116 648 236 688 erant,
259 643 333 681 iam
358 654 425 692 per
445 641 591 692 aliquot
611 646 766 686 aetates,
791 653 835 678 ex
857 653 933 691 quo
955 640 1108 691 tyranni
1124 640 1308 678 tenebant
1328 640 1518 678 Lacedae—

116 711 292 743 monem,
326 698 386 736 alii
415 698 460 736 ab
489 698 570 736 aliis
598 697 758 748 expulsi.
800 697 977 747 princeps
1005 702 1085 735 erat
1111 696 1268 735 exulum
1290 696 1516 746 Agesipolis,
1549 704 1590 735 14

116 755 224 793 cuius
252 755 334 792 iure
364 754 488 804 gentis
513 766 676 804 regnum
704 754 992 792 Lacedaemone
1021 757 1121 798 erat,
1156 753 1290 804 pulsus
1319 753 1442 790 infans
1471 753 1518 790 ab

114 811 288 862 Lycurgo
314 815 479 861 tyranno
507 815 595 861 post
621 816 789 848 mortem
811 809 1048 855 Cleomenis,
1079 809 1145 860 qui
1167 809 1313 859 primus
1335 814 1522 860 tyrannus

117 867 404 906 Lacedaemone
424 866 510 904 fuit.

231 923 327 961 Cum
349 928 449 961 terra
471 922 646 973 marique
668 927 819 960 tantum
843 921 931 960 belli
954 920 1222 960 circumstaret
1241 926 1461 971 tyrannum,
1485 926 1524 959 et
1547 922 1602 961 27

116 991 237 1030 prope
255 979 357 1017 nulla
374 992 461 1029 spes
478 984 579 1017 esset
595 991 681 1017 vere
699 979 796 1017 vires
812 991 901 1016 suas
922 977 1172 1028 hostiumque
1193 978 1422 1022 aestimanti,
1444 989 1524 1016 non
1553 986 1572 1017 2

116 1041 247 1073 tamen
270 1035 400 1073 omisit
418 1035 575 1080 bellum,
599 1035 665 1073 sed
688 1040 725 1073 et
747 1048 767 1073 a
784 1035 893 1073 Creta
914 1034 1017 1072 mille
1034 1035 1203 1073 delectos
1224 1034 1434 1072 iuventutis
1455 1047 1524 1073 eo-

116 1103 203 1130 rum
222 1091 371 1135 excivit,
390 1103 476 1129 cum
496 1091 598 1129 mille
615 1091 691 1129 iam
709 1091 880 1136 liaberet,
903 1095 941 1128 et
959 1091 1029 1128 tria
1047 1091 1148 1129 milia
1166 1090 1522 1128 mercennariorum

117 1147 304 1192 militum,
337 1147 469 1185 decem
499 1147 602 1185 milia
629 1147 873 1198 popularium
901 1159 987 1185 cum
1012 1147 1226 1185 castellanis
1247 1147 1461 1196 agrestilms
1484 1147 1524 1184 in

116 1203 234 1242 armis
254 1203 406 1248 habuit,
430 1208 468 1241 et
487 1204 590 1241 fossa
613 1204 785 1253 valloque
808 1203 946 1241 urbem
973 1203 1248 1249 communivit,
1277 1208 1330 1248 et,
1361 1214 1408 1240 ne
1432 1203 1522 1253 quid
1553 1213 1572 1244 3

115 1259 288 1298 intestini
316 1264 447 1297 motus
476 1264 663 1305 oreretur,
692 1265 799 1298 metu
827 1264 866 1297 et
893 1258 1098 1297 acerbitate
1126 1271 1339 1309 poenarum
1368 1259 1525 1297 tenebat

117 1316 281 1361 animos,
304 1315 507 1365 quoniam,
536 1320 579 1354 ut
600 1317 746 1354 salvum
768 1316 908 1354 vellent
928 1320 1154 1365 tyrannum,
1176 1327 1331 1366 sperare
1353 1326 1430 1353 non
1451 1328 1524 1366 po-

117 1403 197 1434 dern
215 1402 313 1433 deren
332 1401 543 1443 Ausbleiben,
563 1414 588 1434 s.
607 1402 659 1441 33,
680 1403 709 1443 7,
728 1403 758 1433 9.

166 1447 296 1479 11-14.
339 1448 380 1477 ab
409 1446 521 1487 Lena,
551 1448 608 1485 33,
643 1448 699 1482 17;
729 1448 782 1479 (lie

121 1492 235 1533 iibrigc
253 1491 364 1523 Flotte
381 1493 508 1525 scheint
521 1493 596 1524 dort
612 1493 782 1533 geblieben

119 1548 160 1569 zu
183 1537 263 1568 sein.
287 1555 330 1560 —
354 1537 519 1577 Rhodiae,
548 1539 605 1569 das
627 1538 783 1569 Pra'dicat

119 1593 209 1614 muss
228 1583 307 1612 113611
326 1592 353 1613 c.
371 1582 424 1622 29,
442 1584 461 1614 4
482 1593 541 1614 aus
558 1586 633 1614 erat
650 1593 783 1624 genom-

118 1637 190 1658 men
210 1627 352 1658 werden.
369 1645 411 1650 —-
424 1627 534 1667 lembi,
553 1638 577 1659 s.
593 1628 646 1667 32,
662 1630 715 1667 21,
730 1629 782 1659 27.

117 1674 239 1703 minor.
271 1672 418 1713 formae,
448 1677 534 1704 etwa
562 1673 701 1714 cei-curi,
731 1683 785 1703 ce-

117 1718 219 1758 loces,
250 1728 275 1747 5.
296 1717 348 1755 33,
377 1718 426 1755 19,
454 1718 511 1751 1ος
538 1718 590 1756 31,
615 1718 667 1755 22,
693 1722 781 1749 §.m

114 1773 178 1805 per
200 1762 277 1803 aliq.
300 1765 365 1793 aet.
389 1767 452 1793 etc.
474 1763 518 1794 ist
541 1763 724 1803 unrichtig:
754 1773 781 1794 c.

118 1807 171 1848 38,
201 1808 219 1838 2
249 1811 323 1846 sagt
352 1806 388 1837 L.
419 1808 524 1839 selbst
550 1819 669 1850 nuper,
699 1808 783 1839 denn

119 1852 322 1889 Cleomenes,
348 1862 374 1882 5.
397 1851 417 1893 ξ
441 1854 489 1891 14,
512 1853 604 1884 hatte
627 1858 697 1884 erst
718 1853 780 1883 235

117 1897 208 1928 -221
237 1907 264 1928 a.
292 1896 348 1927 Ch.
379 1897 514 1938 regiert.
550 1917 592 1920 —
629 1899 679 1929 40
658 1899 781 1941 gesz'p„

117 1941 414 1993 vgl.P01xb.24,
449 1943 505 1981 11,
539 1943 570 1982 4,
602 1942 660 1974 35:
689 1954 781 1985 μετα

118 1984 183 2027 τὴν
201 1987 434 2026 Κλεοαέιοις
456 1986 639 2019 ἔκπτωσι)
657 2007 677 2010 -
700 1999 783 2019 κατ-

118 2031 278 2071 έστησαι
303 2031 339 2062 οἱ
363 2030 532 2076 ἕᾳοροι-
550 2030 613 2064 τὸι
633 2032 703 2075 μὲι
719 2031 782 2064 ἐια

119 2076 294 2117 (βασιλεα)
320 2078 502 2129 1ομι’μως
516 2078 575 2108 καὶ
600 2075 783 2118 καθηκόν-

118 2131 197 2172 τως,
210 2118 279 2172 Ἀ)
270 2121 468 2161 ησιπολω,
482 2119 569 2153 ὄιτα
582 2121 651 2164 μὲν
665 2122 785 2154 παῖδα

118 2163 183 2206 τὴν
203 2162 361 2206 fyhm'wi,
388 2164 467 2198 υἶὸι
491 2166 529 2199 δὲ
551 2164 783 2210 Ἀγησιπόὶι-

118 2209 184 2246 δος
216 2222 279 2241 τοι
313 2209 574 2253 Κλεομβρότου
607 2213 690 2251 (3150
724 2223 782 2245 3115

118 2255 189 2287 dem
223 2254 438 2287 Ges‹hlechte
471 2257 530 2288 der
558 2257 782 2298 Herakliden).

117 2318 161 2323 —
190 2300 413 2352 slzxofioym
446 2300 486 2333 δὲ
518 2303 669 2344 βασιλέα
701 2315 783 2334 κατ-

120 2345 289 2397 ἔστησαν,
308 2340 347 2380 ὃς
365 2344 432 2377 (Ῡοί
428 2357 452 2382 ς
468 2345 610 2390 ἑκάστῳ
629 2351 699 2379 τῶν
716 2348 780 2392 ἔφ-

119 2386 215 2443 όρων
276 2387 456 2422 τάλαντον
513 2390 782 2435 Ηρακλεόυς

117 2432 346 2488 ἀπόγονος
383 2436 442 2466 καὶ
480 2436 649 2478 βασιλεὺς
688 2437 734 2481 ἐ)
743 2449 780 2470 ε-

117 2477 197 2522 γό)
207 2491 240 2512 ει
260 2480 322 2522 τῆς
338 2479 525 2524 Σπάοτης.
558 2483 630 2515 Von
648 2483 781 2515 1111111·-

117 2535 176 2565 gus
191 2526 305 2557 wurde
319 2526 513 2569 Agesipolis,
530 2528 577 2559 Lx
583 2528 644 2559 kur
647 2539 684 2569 gs
693 2528 779 2560 sohn

116 2569 290 2613 Pelops,s.
310 2581 336 2602 e.
355 2572 409 2613 32,
431 2573 457 2613 1,
476 2584 539 2605 1011
557 2563 781 2615 Machanidas,

855 1412 882 1433 5.
902 1402 954 1441 29,
974 1402 1004 1441 7,
1022 1402 1215 1443 verdr'angt,
1230 1402 1301 1433 dem
1314 1402 1439 1433 letzten
1453 1411 1525 1433 war

855 1446 958 1478 Nabis
982 1446 1124 1488 gefolgt:
1153 1448 1274 1478 ‹laraus
1298 1446 1427 1478 erkliirt
1451 1446 1524 1478 sich

855 1492 916 1523 alic·
929 1493 971 1522 ab
984 1492 1071 1524 allis.
1088 1511 1130 1515 -—
1145 1494 1220 1523 iure
1229 1495 1336 1533 gent,
1356 1491 1438 1522 nach
1451 1492 1523 1523 (16111

858 1548 919 1567 nur
945 1537 1159 1575 Heraklidcn,
1192 1536 1436 1568 Naehkommen
1465 1537 1522 1567 des

856 1582 1086 1624 Eurysthenes
1110 1593 1138 1613 u.
1160 1581 1315 1618 Prokles,
1340 1580 1468 1621 h'iinige
1489 1582 1522 1612 in

857 1626 976 1668 Sparta
995 1627 1063 1657 sein
1082 1627 1214 1658 sollten.
1235 1646 1277 1649 —
1297 1627 1427 1668 infans,
1445 1637 1470 1657 s.
1491 1627 1522 1657 d.

857 1671 982 1703 Stellen
1000 1682 1058 1703 aus
1078 1671 1195 1714 P013b.
1214 1690 1255 1694 —
1270 1673 1420 1714 ,in-'entant
1440 1674 1506 1714 tyr
1503 1696 1522 1711 ,

857 1717 977 1748 ebenso
996 1716 1114 1769 Polyb.
1138 1718 1168 1757 2,
1192 1717 1341 1748 47:101]
1357 1717 1522 1759 Κλεομέ-

858 1772 943 1797 τους
975 1759 1014 1793 τό
1051 1772 1087 1793 τε
1120 1760 1300 1813 πάτριον
1316 1761 1522 1815 πολίτευμα

855 1804 1128 1842 καταλύσαιτος
1166 1806 1226 1838 καὶ
1265 1803 1330 1846 τὴν
1362 1804 1423 1839 ἔνι
1427 1816 1523 1858 ομον

853 1851 1045 1892 βασιλείαν
1062 1851 1112 1887 εἰς
1128 1850 1328 1894 τυραναίδα
1340 1848 1522 1894 μεταστή-

855 1905 1004 1935 σαντοςς
1024 1896 1121 1928 Ρ3115.
1141 1896 1171 1935 2,
1189 1896 1220 1936 9,
1242 1897 1268 1928 1.

901 1936 970 1973 27.
1007 1942 1080 1973 1-3.
1113 1944 1197 1972 taut.
1217 1941 1300 1979 belh,
1316 1942 1345 1979 4,
1362 1942 1414 1981 57,
1432 1941 1458 1972 1.
1478 1961 1521 1963 -

855 1998 942 2029 spes.
961 1998 1037 2028 633,
1055 1987 1131 2018 (1355
1147 1997 1183 2018 61·
1197 1986 1265 2017 sich
1279 1987 1388 2018 halten
1403 1986 1520 2017 kiinne.

854 2042 1003 2071 —ve1²e,
1026 2042 1051 2063 s.
1079 2033 1108 2069 3,
1135 2032 1186 2067 19,
1211 2031 1246 2062 6:
1271 2033 1330 2073 qui
1349 2042 1426 2063 rere
1449 2041 1521 2062 rem

854 2079 1038 2108 aestimare
1052 2076 1143 2116 aelii,
1157 2076 1305 2117 hiiufiger
1320 2077 1402 2107 ohne
1412 2075 1521 2107 Accu—

856 2122 953 2163 saliv,
972 2132 997 2153 5.
1017 2122 1069 2160 37,
1088 2122 1141 2161 58,
1160 2122 1196 2160 83
1215 2122 1245 2159 6,
1269 2122 1317 2159 11,
1336 2122 1372 2161 43
1391 2120 1518 2152 Tac.H.

855 2168 887 2206 4,
931 2168 985 2198 17:
1026 2178 1103 2199 vere
1143 2167 1396 2209 reputantibus,
1437 2166 1521 2197 doch

855 2212 939 2244 fehlt
963 2222 1038 2243 vere
1058 2212 1090 2243 in
1108 2212 1166 2243 der
1184 2212 1290 2243 Bamb.
1311 2211 1365 2242 Hs.
1384 2229 1427 2234 ——
1444 2222 1521 2242 eum

855 2260 938 2289 cast.
961 2268 1050 2299 agr„
1074 2268 1099 2288 5.
1119 2256 1139 2298 ξ
1157 2259 1193 2295 9,
1217 2257 1269 2287 (116
1286 2256 1426 2287 Heloten
1449 2265 1520 2287 wa-

854 2312 913 2333 ren
936 2302 1018 2333 auch
1042 2301 1156 2333 friiher
1173 2302 1272 2333 sehon
1291 2312 1362 2332 zum
1381 2299 1521 2341 11Γί655-

854 2347 983 2378 dienste
1019 2348 1268 2387 herangezogen
1307 2346 1458 2384 worden,
1492 2356 1518 2377 5.

854 2392 1036 2424 Seh'dinann
1063 2393 1091 2433 1,
1117 2392 1198 2429 204,
1229 2402 1302 2422 eum
1333 2391 1394 2422 ist:
1425 2391 1518 2422 diese

855 2437 1067 2479 inbegriffen,
1097 2437 1178 2467 oder
1207 2436 1301 2467 nebst
1329 2436 1451 2467 diesen.
1475 2454 1518 2458 -—-

853 2482 1005 2523 tenendo,
1031 2483 1059 2523 7,
1086 2482 1138 2521 25,
1164 2482 1180 2512 7
1200 2493 1230 2512 u.
1250 2492 1278 2512 a.
1299 2500 1339 2504 —-
1361 2482 1461 2522 fossa
1477 2491 1518 2519 zu,

854 2529 949 2570 §103
973 2538 1000 2558 e.
1019 2527 1071 2563 28,
1097 2527 1126 2566 8,
1151 2527 1216 2567 vgl.
1236 2538 1274 2557 zu
1300 2537 1326 2558 c.
1354 2526 1408 2566 38,
1427 2526 1456 2557 2.
1475 2543 1519 2548 ——

852 2576 890 2605 ut
906 2593 927 2596 -
942 2582 1094 2615 sperare,
1110 2572 1176 2612 vgl.
1197 2572 1290 2604 Caes.
1304 2572 1338 2603 B.
1355 2570 1394 2603 G.
1415 2570 1446 2611 3,
1464 2570 1516 2611 85,
