1715 2723
127 129 155 147 ι.
176 120 225 147 011.
250 120 306 145 187.
540 118 663 150 121ssssss
675 117 873 151 xxxwu.
894 118 983 151 CAP.
1002 122 1052 152 52).
1069 120 1120 151 oo.
1457 115 1536 157 387

122 230 206 264 tum
227 222 389 263 venditis
414 221 596 261 omnibus
617 221 731 260 bonis
752 221 871 272 redigi
894 233 973 259 non
997 226 1139 272 posset.
1183 220 1220 258 id
1250 219 1315 258 ubi
1335 231 1426 269 ergo
1450 230 1534 257 esse

121 281 270 332 regium
300 291 451 326 aurum,
483 278 548 317 ubi
586 284 642 317 tot
680 277 907 316 hereditates
945 275 1146 327 acceptas?
1180 276 1219 314 in
1258 276 1387 321 domo,
1420 280 1574 324 qua1n9

120 340 298 387 sumptus
320 347 400 374 non
417 335 675 381 exhauserim,
699 339 846 373 exstare
863 333 1041 372 debuisse
1063 345 1185 371 novae
1200 334 1378 371 fortunae
1394 343 1534 369 cumu-

118 393 212 431 lum.
269 399 306 431 at
333 392 448 438 enim,
479 391 584 442 quod
608 403 652 429 ex
685 390 796 428 bonis
827 389 946 440 redigi
968 402 1046 427 non
1070 389 1202 439 possit,
1234 401 1280 427 ex
1311 399 1474 438 corpore
1501 393 1537 425 et

119 455 226 499 tergo
256 461 325 499 per
348 447 588 486 vexationem
619 453 655 485 et
685 446 935 485 contumelias
956 446 997 483 L.
1020 445 1209 496 Scipionis
1239 445 1426 495 petituros
1456 443 1534 482 ini-

121 505 254 551 micos,
278 510 319 543 ut
339 504 379 542 in
400 516 552 542 carcere
573 503 672 541 inter
688 505 793 541 fures
809 507 1022 541 nocturnos
1043 507 1079 540 et
1097 502 1265 540 latrones
1289 501 1346 539 vir
1368 500 1534 538 clarissi—
1557 503 1598 535 l«)

120 573 208 599 mus
227 561 446 599 includatur
476 567 512 599 et
540 560 580 598 iu
600 558 743 597 robore
773 565 808 597 et
830 558 998 597 tenebris
1029 558 1206 609 exspiret,
1237 556 1374 595 deinde
1406 556 1535 595 nudus

119 623 205 655 ante
225 629 417 655 carcerem
439 615 658 667 proiciatur.
701 626 781 653 uon
801 614 839 652 id
861 614 1058 653 Corneliae
1085 614 1202 664 inagis
1234 613 1396 651 familiae
1418 624 1535 663 quam
1555 617 1593 649 11

118 673 206 712 urbi
226 674 423 712 Romanae
443 675 526 711 fore
549 670 869 710 erubescendum.
915 669 1110 708 Adversus
1132 683 1174 708 ea
1196 669 1397 708 Terentius
1420 680 1527 719 prae·
1555 667 1614 708 60

118 736 180 768 tor
199 729 437 780 rogationem
457 727 642 766 Petilliam
663 734 699 765 et
719 733 874 765 senatus
896 727 1119 764 consultum
1151 732 1187 764 et
1215 725 1402 763 iudicium
1423 724 1470 763 de
1490 725 1533 763 L.

119 785 300 836 Scipione
325 786 469 823 factum
491 784 681 822 recitavit:
708 796 759 829 se,
791 783 831 821 ni
852 784 1043 821 referatur
1073 782 1236 833 pecunia
1261 782 1300 819 in
1321 780 1532 831 publicum,
1554 785 1573 817 2

120 853 218 892 quae
228 841 391 880 iudicata
412 841 470 887 sit,
482 840 575 878 nihil
596 840 736 878 habere
756 839 861 890 quod
875 839 994 885 faciat,
1010 839 1083 877 nisi
1098 844 1140 877 ut
1154 837 1291 889 prendi
1310 838 1534 876 damnatum

119 905 156 937 et
166 898 206 937 in
215 898 367 937 vincula
378 897 465 936 duci
474 897 613 936 iubeat.
628 896 772 935 tribuni
785 896 924 934 cumin
934 895 1140 934 consilium
1149 894 1407 939 secessissent,
1419 894 1532 945 paulo
1554 905 1573 937 3

119 1042 490 1084 ausgesp1·ochen.—2‘d
504 1041 594 1072 steht
610 1040 669 1071 mit
680 1040 791 1071 Nach-

118 1087 221 1118 druek
246 1097 361 1126 voran,
388 1086 455 1127 vgl.
481 1097 521 1117 zu
548 1085 614 1117 Cic.
652 1085 723 1117 Fiu.
759 1088 790 1127 4,

122 1133 172 1174 18,
214 1133 272 1166 49:
316 1131 424 1164 Plaut.
465 1130 557 1173 Epid.
604 1133 631 1171 1,
669 1133 696 1173 1,
737 1132 791 1163 19:

118 1179 177 1210 ubi
210 1180 237 1209 is
274 1189 345 1219 erqo
377 1184 429 1209 est.
465 1195 509 1199 —-
542 1179 683 1216 heo-edit„
709 1177 791 1207 ohne

118 1223 352 1263 Austrengung
377 1222 584 1254 erworbenes
608 1221 685 1263 Gut,
724 1221 790 1262 vgl.

119 1268 208 1300 cht.
234 1279 263 1310 p.
292 1269 374 1302 290:
406 1270 474 1300 sine
508 1271 606 1300 sacris
638 1269 793 1299 hereditas

125 1317 159 1345 in
176 1315 343 1353 proverbio
368 1315 434 1346 dici
456 1316 540 1354 solet,
573 1324 642 1345 cum
669 1314 795 1354 aliquid

120 1361 276 1392 obvenerit
295 1362 363 1391 sine
379 1361 445 1391 ulla
468 1360 655 1390 incommodi
672 1369 791 1397 appen-

117 1407 194 1437 dice.
220 1422 262 1426 —-
287 1406 435 1444 debuisse,
465 1414 499 1435 es
524 1403 617 1434 h'zitte
643 1403 707 1442 (bei
735 1403 792 1434 der

119 1449 341 1490 augestelltcn
362 1448 514 1488 Auction,
544 1449 680 1479 vorher:
715 1458 792 1479 ven-

116 1497 195 1527 ditis
218 1505 300 1527 omn.
324 1496 422 1535 bonis,
449 1494 516 1534 vgl.
551 1504 577 1525 c.
613 1494 665 1531 60,
693 1494 723 1532 8)
750 1493 792 1524 da

119 1540 191 1572 sein
215 1540 354 1579 miissen,
383 1539 433 1571 sei
453 1539 542 1581 aber,
568 1539 626 1570 der
652 1538 685 1569 in
705 1540 792 1570 iudi-

119 1592 221 1619 catum
247 1585 551 1626 ausgesprochenen
576 1584 791 1626 Bchauptung

120 1630 316 1673 gegeniifflar,
360 1630 434 1661 dass
472 1640 507 1661 so
549 1629 616 1660 viel
656 1629 697 1660 da
732 1629 790 1669 sci,

120 1676 212 1707 nicht
237 1676 436 1707 vorhanden.
461 1692 504 1697 —
529 1686 566 1707 ecc
596 1685 678 1713 corp.
703 1681 730 1706 et
757 1682 791 1713 c„

119 1733 147 1754 s.
174 1732 200 1752 e.
229 1722 282 1760 60,
304 1722 342 1761 23
367 1722 398 1760 6,
425 1722 480 1761 34,
502 1722 531 1753 2.
546 1738 589 1742 —
610 1722 691 1752 inter
702 1720 792 1760 smn,

121 1769 153 1807 3,
194 1767 247 1807 58,
282 1767 311 1799 2.
344 1784 389 1788 —-—
418 1768 536 1803 robore,
578 1764 669 1797 Paul.
699 1765 790 1797 Diac.

119 1823 149 1855 p.
161 1813 227 1846 264
238 1823 244 1842 :
258 1813 352 1843 robus
361 1813 394 1842 in
404 1823 526 1844 carcere
534 1813 652 1844 dicitur
661 1813 688 1842 is
697 1813 791 1849 locus,

119 1869 181 1900 quo
199 1859 430 1897 praecipitatur
454 1860 664 1897 maleficorum
681 1867 791 1898 yemcs,

119 1905 206 1945 quod
240 1909 311 1935 ame
350 1905 435 1935 arcis
468 1904 620 1934 robusteis
653 1904 793 1934 include·

118 1951 225 1989 batur,
250 1949 304 1989 34,
333 1949 387 1988 44,
415 1950 451 1981 8:
477 1950 510 1979 in
546 1948 731 1987 inferiorem
748 1965 790 1969 —-

119 2005 271 2026 carcerem
282 2007 291 2033 ;
304 1992 381 2025 Tae.
396 1993 456 2025 An.
467 1996 499 2036 4,
515 1995 555 2026 29
569 2004 574 2027 ι
590 1992 669 2024 Sall.
680 1992 716 2025 C.
731 1994 791 2026 55:

120 2042 312 2072 Tullianum.
338 2057 383 2061 --
403 2041 546 2078 exspiret,
571 2038 603 2069 in
621 2038 691 2069 dem
712 2037 792 2069 Tul-

121 2085 244 2116 lianum
270 2085 405 2116 wurden
429 2084 480 2116 die
515 2083 792 2116 Verbrecher

119 2129 303 2162 erdrosselt
316 2130 394 2161 oder
407 2133 550 2161 mussten
561 2129 791 2160 verschmach-

121 2180 194 2215 ten3
209 2175 262 2207 die
279 2174 487 2216 Verhaftung
505 2174 631 2216 Scipios
649 2172 792 2215 erfolgte

118 2219 239 2261 jedoch
280 2220 369 2252 nicht
415 2230 528 2261 wegen
569 2219 657 2251 eines
705 2220 792 2251 Ver—

121 2266 299 2305 brechens,
344 2266 483 2297 sondern
526 2275 577 2296 um
622 2265 676 2296 ihn
722 2275 793 2296 zum

120 2311 247 2342 Stellen
287 2321 351 2343 von
383 2312 509 2352 Biirgen
550 2321 590 2341 zu
625 2310 792 2351 n'o'thigen,

121 2367 148 2388 c.
181 2358 235 2397 60,
270 2358 299 2389 2.
346 2355 437 2388 Eheu
461 2367 497 2388 so
530 2359 620 2398 passt
655 2354 713 2387 auf
742 2355 792 2387 Sc.

120 2401 212 2433 nicht
237 2404 342 2434 nudus
368 2420 411 2424 —-
436 2404 598 2442 proiciat„
634 2401 794 2433 entbliisst

120 2447 186 2479 und
221 2447 438 2487 unbestattet,
475 2449 528 2487 29,
563 2448 595 2486 9,
631 2446 792 2486 103'1'ac.

121 2492 204 2524 Anu.
233 2495 262 2533 5,
289 2494 319 2526 9.

170 2534 237 2576 60.
267 2540 361 2571 1-2.
383 2546 478 2571 senat.
496 2549 546 2577 cs„
567 2547 592 2569 c.
615 2540 665 2571 55.
682 2555 724 2559 -
741 2548 794 2570 re-

859 1043 960 1079 citav„
987 1050 1047 1071 vor
1075 1040 1134 1071 deu
1160 1038 1346 1078 Tribuuen3
1376 1039 1409 1070 in
1430 1038 1533 1080 Fulge

861 1086 918 1118 der
937 1085 1144 1128 Appellation
1164 1095 1206 1116 uu
1220 1084 1385 1116 dieselhen
1399 1085 1442 1116 ist
1462 1085 1533 1116 eine

861 1131 1098 1171 Verhandluug
1129 1130 1242 1162 beider
1279 1129 1434 1162 Partcien
1474 1140 1534 1161 vor

860 1176 958 1208 ihnen
983 1176 1207 1217 eingetreten3
1235 1177 1294 1207 der
1319 1175 1439 1207 Priitor
1456 1175 1533 1208 liest

861 1222 923 1254 den
960 1221 1247 1253 Senatsbeschluss
1284 1232 1345 1252 vor
1386 1232 1438 1253 um
1479 1221 1532 1253 dic

860 1266 1025 1299 Tribuneu
1070 1278 1110 1298 zu
1149 1267 1317 1307 bewegen,
1360 1267 1435 1299 dass
1484 1267 1532 1298 sie

862 1312 952 1344 nicht
978 1312 1211 1344 einsehreiten.
1230 1330 1273 1334 ——
1289 1313 1432 1352 referat„
1459 1312 1530 1351 ab-,

861 1357 1091 1398 zuriickgebeu
1123 1368 1164 1389 au
1196 1358 1256 1389 (len
1292 1357 1534 1399 Staatsschatz,

860 1403 931 1435 dem
958 1413 992 1434 es
1017 1407 1176 1443 entzogen
1200 1402 1259 1434 sei.
1282 1421 1323 1424 —
1341 1406 1480 1435 mdz'cata
1497 1415 1533 1441 3.,

859 1448 1003 1480 welches
1032 1446 1085 1479 fiir
1103 1447 1276 1488 staatsgut
1296 1446 1535 1488 rechtskriiftig

861 1494 990 1526 erkli‘irt
1014 1493 1148 1525 worden
1183 1492 1239 1525 sei.
1266 1511 1310 1516 —
1343 1501 1379 1526 ut
1404 1496 1534 1535 prendi,

860 1539 926 1580 vgl.
953 1550 978 1570 c.
1007 1541 1058 1578 58,
1086 1540 1124 1577 23
1150 1538 1201 1570 dic
1218 1539 1424 1581 persiinliche
1445 1539 1533 1571 Ver-

861 1583 1000 1625 haftung
1048 1584 1212 1616 erscheint
1254 1584 1326 1615 hier
1373 1585 1422 1616 als
1479 1585 1532 1616 ein

861 1629 970 1661 Mittel
1013 1629 1074 1661 den
1108 1629 1212 1661 ciuem
1246 1628 1533 1672 Urthcilsspruche

860 1675 930 1706 sich
966 1674 1260 1707 Widersetzendcn
1292 1685 1365 1706 zum
1402 1674 1533 1707 Gehor-

860 1731 929 1752 sam
953 1731 993 1751 zu
1017 1720 1179 1761 zwfflgen,
1205 1720 1253 1752 als
1280 1720 1332 1752 ein
1357 1720 1454 1752 Theil
1473 1721 1533 1752 der

859 1765 1055 1805 Execution‚
1081 1776 1133 1797 um
1164 1765 1272 1808 Scipio
1304 1777 1344 1797 zu
1378 1767 1533 1807 nothigen

862 1811 913 1843 die
946 1811 1129 1843 bestimmte
1161 1811 1289 1843 Summe
1322 1822 1362 1843 zu
1394 1812 1531 1851 zahleu,

861 1856 904 1888 im
930 1856 1021 1897 Folg.
1049 1854 1069 1897 ξ
1097 1858 1134 1890 8:
1171 1859 1206 1889 in
1240 1858 1319 1889 bona
1351 1861 1415 1889 etc.
1449 1856 1533 1888 wird

861 1902 914 1934 ein
956 1901 1105 1941 zweiteS,
1149 1902 1199 1934 die
1233 1904 1340 1934 missio
1382 1905 1415 1934 in
1453 1904 1533 1934 bona

860 1948 925 1979 und
951 1947 1001 1979 die
1027 1950 1161 1979 venditio
1181 1950 1345 1988 bonorum,
1369 1948 1533 1984 crwiihnt,

862 1994 919 2024 das
953 1993 1041 2032 aber,
1079 1993 1142 2024 wie
1178 2003 1211 2025 es
1250 1994 1334 2024 nach
1366 1992 1420 2025 Ls'
1447 1993 1534 2024 Dar-

860 2038 1006 2079 stellung
1030 2038 1169 2078 schcint,
1194 2049 1219 2070 s.
1245 2037 1267 2079 ἓ
1285 2040 1316 2078 4,
1344 2043 1413 2071 erst
1431 2040 1533 2070 nach-

860 2084 931 2115 dem
956 2082 1122 2115 Gracchus
1149 2084 1201 2115 dic
1231 2083 1442 2126 Verhaftuug
1475 2095 1533 2125 ge-

861 2129 993 2160 hindcrt
1018 2129 1083 2160 und
1108 2128 1160 2161 die
1179 2129 1456 2170 Beschlagnahme
1475 2131 1534 2161 der

862 2174 965 2206 Giiter
994 2175 1186 2215 zugelasseu
1221 2175 1289 2218 hat,
1319 2174 1352 2206 in
1386 2175 1532 2206 Anwen-

862 2220 947 2261 dung
971 2219 1102 2252 kommt.

907 2267 937 2298 3.
964 2268 999 2297 in
1023 2268 1141 2305 consil„
1174 2275 1226 2297 um
1259 2265 1341 2305 sich,
1374 2265 1531 2297 nachdem

861 2310 908 2342 sie
933 2310 985 2342 die
1013 2310 1169 2342 Parteien
1192 2311 1311 2351 geho'rt
1341 2310 1458 2351 haben,
1493 2322 1533 2342 zu

862 2356 1032 2397 beratheu,
1050 2367 1075 2388 s.
1096 2358 1150 2398 45,
1169 2357 1222 2394 36,
1246 2358 1303 2389 10:
1327 2358 1450 2388 tribuni
1464 2368 1533 2388 cum

862 2404 905 2434 ad
936 2403 1169 2434 deliberandum
1197 2403 1396 2434 secessissem.
1428 2420 1472 2424 -
1497 2413 1534 2433 ex

862 2458 920 2479 sua
936 2451 1009 2487 etc„
1038 2450 1068 2483 4,
1088 2448 1141 2486 53,
1166 2449 1204 2480 6:
1236 2449 1354 2480 decreto
1387 2450 1531 2487 incerpo-

861 2495 919 2525 sz'to
927 2504 1033 2525 novem
1040 2494 1165 2525 tribuni
1173 2495 1367 2525 sustulerunt
1381 2500 1534 2526 certamen

857 2541 1210 2580 pronuntiaveruntque
1242 2549 1280 2570 ex
1311 2540 1431 2580 colleqit‘
1459 2550 1533 2571 sen-

1187 2595 1227 2626 23
1242 2593 1256 2608 '⁴
