<?xml version="1.0" encoding="UTF-8"?>
<!DOCTYPE html PUBLIC "-//W3C//DTD XHTML 1.0 Transitional//EN"
    "http://www.w3.org/TR/xhtml1/DTD/xhtml1-transitional.dtd">
<html xmlns="http://www.w3.org/1999/xhtml" xml:lang="en" lang="en">
 <head>
  <title>
</title>
<meta http-equiv="Content-Type" content="text/html;charset=utf-8" />
  <meta name='ocr-system' content='tesseract 3.04.00' />
  <meta name='ocr-capabilities' content='ocr_page ocr_carea ocr_par ocr_line ocrx_word'/>
</head>
<body>
  <div class='ocr_page' id='page_1' title='image "./aburbeconditalib0708livyuoft_0274.png"; bbox 0 0 1715 2723; ppageno 0'>
   <div class='ocr_carea' id='block_1_1' title="bbox 610 134 1592 169">
    <p class='ocr_par' dir='ltr' id='par_1_1' title="bbox 610 134 1592 169">
     <span class='ocr_line' id='line_1_1' title="bbox 610 134 1592 169; baseline 0.002 -3"><span class='ocrx_word' id='word_1_1' title='bbox 610 134 734 167; x_wconf 83' lang='lat' dir='ltr'>LIBER</span> <span class='ocrx_word' id='word_1_2' title='bbox 751 135 909 169; x_wconf 86' lang='lat' dir='ltr'><strong>XXXIII.</strong></span> <span class='ocrx_word' id='word_1_3' title='bbox 936 134 1027 168; x_wconf 86' lang='lat' dir='ltr'><strong>CAP.</strong></span> <span class='ocrx_word' id='word_1_4' title='bbox 1046 135 1099 167; x_wconf 86' lang='lat'><strong>48.</strong></span> <span class='ocrx_word' id='word_1_5' title='bbox 1120 135 1173 166; x_wconf 83' lang='lat'><strong>49.</strong></span> <span class='ocrx_word' id='word_1_6' title='bbox 1446 150 1472 168; x_wconf 66' lang='lat' dir='ltr'><strong>a.</strong></span> <span class='ocrx_word' id='word_1_7' title='bbox 1488 150 1516 168; x_wconf 86' lang='lat' dir='ltr'><strong>u.</strong></span> <span class='ocrx_word' id='word_1_8' title='bbox 1531 143 1592 168; x_wconf 78' lang='lat'><strong>559.</strong></span> 
     </span>
    </p>
   </div>
   <div class='ocr_carea' id='block_1_2' title="bbox 190 139 271 178">
    <p class='ocr_par' dir='ltr' id='par_1_2' title="bbox 190 139 271 178">
     <span class='ocr_line' id='line_1_2' title="bbox 190 139 271 178; baseline 0.012 -1"><span class='ocrx_word' id='word_1_9' title='bbox 190 139 271 178; x_wconf 85' lang='lat'><strong>264</strong></span> 
     </span>
    </p>
   </div>
   <div class='ocr_carea' id='block_1_3' title="bbox 191 236 1593 286">
    <p class='ocr_par' dir='ltr' id='par_1_3' title="bbox 191 236 1593 286">
     <span class='ocr_line' id='line_1_3' title="bbox 191 236 1593 286; baseline -0.001 -8"><span class='ocrx_word' id='word_1_10' title='bbox 191 238 360 278; x_wconf 88' lang='lat' dir='ltr'><strong>ventium</strong></span> <span class='ocrx_word' id='word_1_11' title='bbox 381 242 422 276; x_wconf 87' lang='lat' dir='ltr'><strong>et</strong></span> <span class='ocrx_word' id='word_1_12' title='bbox 438 237 672 277; x_wconf 85' lang='lat' dir='ltr'><strong>factionibus</strong></span> <span class='ocrx_word' id='word_1_13' title='bbox 692 237 879 286; x_wconf 68' lang='lat' dir='ltr'><strong>discordi,</strong></span> <span class='ocrx_word' id='word_1_14' title='bbox 899 238 1024 277; x_wconf 89' lang='lat' dir='ltr'><strong>visum</strong></span> <span class='ocrx_word' id='word_1_15' title='bbox 1045 236 1183 276; x_wconf 89' lang='lat' dir='ltr'><strong>deinde</strong></span> <span class='ocrx_word' id='word_1_16' title='bbox 1203 236 1383 277; x_wconf 81' lang='lat' dir='ltr'>Cercinae</span> <span class='ocrx_word' id='word_1_17' title='bbox 1399 250 1489 277; x_wconf 90' lang='lat' dir='ltr'><strong>eum</strong></span> <span class='ocrx_word' id='word_1_18' title='bbox 1504 243 1593 278; x_wconf 84' lang='lat' dir='ltr'><strong>tan—-</strong></span> 
     </span>
    </p>
   </div>
   <div class='ocr_carea' id='block_1_4' title="bbox 113 293 1595 347">
    <p class='ocr_par' dir='ltr' id='par_1_4' title="bbox 113 293 1595 347">
     <span class='ocr_line' id='line_1_4' title="bbox 113 293 1595 347; baseline -0.001 -12"><span class='ocrx_word' id='word_1_19' title='bbox 113 297 167 335; x_wconf 81' lang='grc'><strong>49</strong></span> <span class='ocrx_word' id='word_1_20' title='bbox 192 295 280 333; x_wconf 88' lang='lat' dir='ltr'><strong>dem</strong></span> <span class='ocrx_word' id='word_1_21' title='bbox 300 293 458 333; x_wconf 87' lang='lat' dir='ltr'><strong>allatum</strong></span> <span class='ocrx_word' id='word_1_22' title='bbox 481 298 551 333; x_wconf 89' lang='lat' dir='ltr'><strong>est.</strong></span> <span class='ocrx_word' id='word_1_23' title='bbox 591 294 641 334; x_wconf 89' lang='lat' dir='ltr'><strong>Et</strong></span> <span class='ocrx_word' id='word_1_24' title='bbox 660 294 825 334; x_wconf 86' lang='lat' dir='ltr'><strong>Romani</strong></span> <span class='ocrx_word' id='word_1_25' title='bbox 846 294 959 347; x_wconf 83' lang='lat' dir='ltr'><strong>legati</strong></span> <span class='ocrx_word' id='word_1_26' title='bbox 985 306 1075 333; x_wconf 91' lang='lat' dir='ltr'><strong>cum</strong></span> <span class='ocrx_word' id='word_1_27' title='bbox 1095 293 1135 331; x_wconf 91' lang='lat' dir='ltr'><strong>in</strong></span> <span class='ocrx_word' id='word_1_28' title='bbox 1162 297 1300 332; x_wconf 90' lang='lat' dir='ltr'><strong>senatu</strong></span> <span class='ocrx_word' id='word_1_29' title='bbox 1325 294 1595 346; x_wconf 82' lang='lat' dir='ltr'><strong>exposuissent</strong></span> 
     </span>
    </p>
   </div>
   <div class='ocr_carea' id='block_1_5' title="bbox 141 526 159 555">
    <p class='ocr_par' dir='ltr' id='par_1_5' title="bbox 141 526 159 555">
     <span class='ocr_line' id='line_1_5' title="bbox 141 526 159 555; baseline 0 0"><span class='ocrx_word' id='word_1_30' title='bbox 141 526 159 555; x_wconf 82' lang='lat'><strong>2</strong></span> 
     </span>
    </p>
   </div>
   <div class='ocr_carea' id='block_1_6' title="bbox 143 632 161 663">
    <p class='ocr_par' dir='ltr' id='par_1_6' title="bbox 143 632 161 663">
     <span class='ocr_line' id='line_1_6' title="bbox 143 632 161 663; baseline 0 0"><span class='ocrx_word' id='word_1_31' title='bbox 143 632 161 663; x_wconf 84' lang='lat'><strong>3</strong></span> 
     </span>
    </p>
   </div>
   <div class='ocr_carea' id='block_1_7' title="bbox 145 1024 164 1055">
    <p class='ocr_par' dir='ltr' id='par_1_7' title="bbox 145 1024 164 1055">
     <span class='ocr_line' id='line_1_7' title="bbox 145 1024 164 1055; baseline 0 -1"><span class='ocrx_word' id='word_1_32' title='bbox 145 1024 164 1055; x_wconf 83' lang='grc'>6</span> 
     </span>
    </p>
   </div>
   <div class='ocr_carea' id='block_1_8' title="bbox 190 349 1598 1247">
    <p class='ocr_par' dir='ltr' id='par_1_8' title="bbox 190 349 1598 903">
     <span class='ocr_line' id='line_1_8' title="bbox 191 349 1595 402; baseline -0.001 -12"><span class='ocrx_word' id='word_1_33' title='bbox 191 355 435 402; x_wconf 85' lang='lat' dir='ltr'><strong>compertum</strong></span> <span class='ocrx_word' id='word_1_34' title='bbox 455 350 630 402; x_wconf 88' lang='lat' dir='ltr'><strong>patribus</strong></span> <span class='ocrx_word' id='word_1_35' title='bbox 650 351 837 390; x_wconf 88' lang='lat' dir='ltr'><strong>Romanis</strong></span> <span class='ocrx_word' id='word_1_36' title='bbox 857 363 961 397; x_wconf 88' lang='lat' dir='ltr'><strong>esse,</strong></span> <span class='ocrx_word' id='word_1_37' title='bbox 984 355 1022 389; x_wconf 88' lang='lat' dir='ltr'><strong>et</strong></span> <span class='ocrx_word' id='word_1_38' title='bbox 1043 349 1265 401; x_wconf 88' lang='lat' dir='ltr'><strong>Philippum</strong></span> <span class='ocrx_word' id='word_1_39' title='bbox 1286 362 1417 401; x_wconf 86' lang='lat' dir='ltr'><strong>regem</strong></span> <span class='ocrx_word' id='word_1_40' title='bbox 1438 355 1528 389; x_wconf 90' lang='lat' dir='ltr'><strong>ante</strong></span> <span class='ocrx_word' id='word_1_41' title='bbox 1547 350 1595 389; x_wconf 89' lang='lat' dir='ltr'><strong>ab</strong></span> 
     </span>
     <span class='ocr_line' id='line_1_9' title="bbox 192 405 1598 458; baseline 0 -13"><span class='ocrx_word' id='word_1_42' title='bbox 192 406 402 446; x_wconf 82' lang='lat' dir='ltr'><strong>Hannibale</strong></span> <span class='ocrx_word' id='word_1_43' title='bbox 422 407 589 446; x_wconf 79' lang='lat' dir='ltr'><strong>maxime</strong></span> <span class='ocrx_word' id='word_1_44' title='bbox 608 419 815 446; x_wconf 87' lang='lat' dir='ltr'><strong>accensum</strong></span> <span class='ocrx_word' id='word_1_45' title='bbox 834 407 979 447; x_wconf 91' lang='lat' dir='ltr'><strong>bellum</strong></span> <span class='ocrx_word' id='word_1_46' title='bbox 1004 406 1148 458; x_wconf 88' lang='lat' dir='ltr'><strong>populo</strong></span> <span class='ocrx_word' id='word_1_47' title='bbox 1169 406 1346 445; x_wconf 90' lang='lat' dir='ltr'><strong>Romano</strong></span> <span class='ocrx_word' id='word_1_48' title='bbox 1365 405 1526 452; x_wconf 85' lang='lat' dir='ltr'><strong>fecisse,</strong></span> <span class='ocrx_word' id='word_1_49' title='bbox 1556 411 1598 445; x_wconf 86' lang='lat' dir='ltr'><strong>et</strong></span> 
     </span>
     <span class='ocr_line' id='line_1_10' title="bbox 190 462 1593 514; baseline -0.001 -12"><span class='ocrx_word' id='word_1_50' title='bbox 190 474 296 503; x_wconf 86' lang='lat' dir='ltr'><strong>nunc</strong></span> <span class='ocrx_word' id='word_1_51' title='bbox 321 463 468 503; x_wconf 85' lang='lat' dir='ltr'><strong>litteras</strong></span> <span class='ocrx_word' id='word_1_52' title='bbox 488 463 725 514; x_wconf 82' lang='lat' dir='ltr'><strong>nuntiosque</strong></span> <span class='ocrx_word' id='word_1_53' title='bbox 747 463 794 502; x_wconf 90' lang='lat' dir='ltr'><strong>ab</strong></span> <span class='ocrx_word' id='word_1_54' title='bbox 814 477 860 503; x_wconf 91' lang='lat' dir='ltr'><strong>eo</strong></span> <span class='ocrx_word' id='word_1_55' title='bbox 882 463 928 503; x_wconf 92' lang='lat' dir='ltr'><strong>ad</strong></span> <span class='ocrx_word' id='word_1_56' title='bbox 948 463 1184 502; x_wconf 86' lang='lat' dir='ltr'><strong>Antiochum</strong></span> <span class='ocrx_word' id='word_1_57' title='bbox 1205 467 1243 501; x_wconf 89' lang='lat' dir='ltr'><strong>et</strong></span> <span class='ocrx_word' id='word_1_58' title='bbox 1262 462 1418 502; x_wconf 83' lang='lat' dir='ltr'><strong>Aetolos</strong></span> <span class='ocrx_word' id='word_1_59' title='bbox 1438 462 1593 508; x_wconf 89' lang='lat' dir='ltr'><strong>missos,</strong></span> 
     </span>
     <span class='ocr_line' id='line_1_11' title="bbox 190 518 1595 572; baseline -0.001 -14"><span class='ocrx_word' id='word_1_60' title='bbox 190 519 425 571; x_wconf 90' lang='lat' dir='ltr'><strong>consiliaque</strong></span> <span class='ocrx_word' id='word_1_61' title='bbox 446 519 540 559; x_wconf 89' lang='lat' dir='ltr'><strong>inita</strong></span> <span class='ocrx_word' id='word_1_62' title='bbox 560 520 799 572; x_wconf 87' lang='lat' dir='ltr'><strong>inpellendae</strong></span> <span class='ocrx_word' id='word_1_63' title='bbox 820 520 868 560; x_wconf 92' lang='lat' dir='ltr'><strong>ad</strong></span> <span class='ocrx_word' id='word_1_64' title='bbox 889 520 1147 559; x_wconf 86' lang='lat' dir='ltr'><strong>defectionem</strong></span> <span class='ocrx_word' id='word_1_65' title='bbox 1162 518 1413 570; x_wconf 80' lang='lat' dir='ltr'><strong>Carthaginis,</strong></span> <span class='ocrx_word' id='word_1_66' title='bbox 1435 530 1509 558; x_wconf 93' lang='lat' dir='ltr'><strong>nec</strong></span> <span class='ocrx_word' id='word_1_67' title='bbox 1523 519 1595 558; x_wconf 91' lang='lat' dir='ltr'><strong>alio</strong></span> 
     </span>
     <span class='ocr_line' id='line_1_12' title="bbox 191 575 1595 628; baseline -0.001 -13"><span class='ocrx_word' id='word_1_68' title='bbox 191 588 281 616; x_wconf 91' lang='lat' dir='ltr'><strong>eum</strong></span> <span class='ocrx_word' id='word_1_69' title='bbox 298 588 415 628; x_wconf 92' lang='lat' dir='ltr'><strong>quam</strong></span> <span class='ocrx_word' id='word_1_70' title='bbox 431 576 478 615; x_wconf 91' lang='lat' dir='ltr'><strong>ad</strong></span> <span class='ocrx_word' id='word_1_71' title='bbox 493 576 729 616; x_wconf 86' lang='lat' dir='ltr'><strong>Antiochum</strong></span> <span class='ocrx_word' id='word_1_72' title='bbox 745 589 875 628; x_wconf 89' lang='lat' dir='ltr'><strong>regem</strong></span> <span class='ocrx_word' id='word_1_73' title='bbox 891 577 1131 628; x_wconf 66' lang='lat' dir='ltr'><strong>profectum,</strong></span> <span class='ocrx_word' id='word_1_74' title='bbox 1147 575 1249 614; x_wconf 93' lang='lat' dir='ltr'><strong>haud</strong></span> <span class='ocrx_word' id='word_1_75' title='bbox 1267 575 1489 626; x_wconf 89' lang='lat' dir='ltr'><strong>quieturum</strong></span> <span class='ocrx_word' id='word_1_76' title='bbox 1505 586 1595 614; x_wconf 90' lang='lat' dir='ltr'><strong>eum</strong></span> 
     </span>
     <span class='ocr_line' id='line_1_13' title="bbox 191 631 1596 684; baseline -0.001 -13"><span class='ocrx_word' id='word_1_77' title='bbox 191 637 280 672; x_wconf 90' lang='lat' dir='ltr'><strong>ante</strong></span> <span class='ocrx_word' id='word_1_78' title='bbox 300 645 416 684; x_wconf 89' lang='lat' dir='ltr'><strong>quam</strong></span> <span class='ocrx_word' id='word_1_79' title='bbox 439 632 583 672; x_wconf 88' lang='lat' dir='ltr'><strong>bellum</strong></span> <span class='ocrx_word' id='word_1_80' title='bbox 605 637 689 672; x_wconf 87' lang='lat' dir='ltr'><strong>toto</strong></span> <span class='ocrx_word' id='word_1_81' title='bbox 707 633 800 672; x_wconf 90' lang='lat' dir='ltr'><strong>orbe</strong></span> <span class='ocrx_word' id='word_1_82' title='bbox 814 638 1007 673; x_wconf 87' lang='lat' dir='ltr'><strong>terrarum</strong></span> <span class='ocrx_word' id='word_1_83' title='bbox 1024 632 1231 679; x_wconf 80' lang='lat' dir='ltr'><strong>concisset3</strong></span> <span class='ocrx_word' id='word_1_84' title='bbox 1252 632 1288 670; x_wconf 94' lang='lat' dir='ltr'><strong>id</strong></span> <span class='ocrx_word' id='word_1_85' title='bbox 1309 632 1345 671; x_wconf 89' lang='lat' dir='ltr'><strong>ei</strong></span> <span class='ocrx_word' id='word_1_86' title='bbox 1361 643 1441 670; x_wconf 93' lang='lat' dir='ltr'><strong>non</strong></span> <span class='ocrx_word' id='word_1_87' title='bbox 1455 631 1596 670; x_wconf 87' lang='lat' dir='ltr'><strong>debere</strong></span> 
     </span>
     <span class='ocr_line' id='line_1_14' title="bbox 192 688 1596 741; baseline -0.001 -13"><span class='ocrx_word' id='word_1_88' title='bbox 192 689 350 740; x_wconf 91' lang='lat' dir='ltr'><strong>impune</strong></span> <span class='ocrx_word' id='word_1_89' title='bbox 370 702 469 735; x_wconf 87' lang='lat' dir='ltr'><strong>esse,</strong></span> <span class='ocrx_word' id='word_1_90' title='bbox 493 689 524 728; x_wconf 92' lang='lat' dir='ltr'><strong>si</strong></span> <span class='ocrx_word' id='word_1_91' title='bbox 544 689 765 729; x_wconf 87' lang='lat' dir='ltr'><strong>satisfacere</strong></span> <span class='ocrx_word' id='word_1_92' title='bbox 786 689 1118 741; x_wconf 80' lang='lat' dir='ltr'><strong>Carthaginienses</strong></span> <span class='ocrx_word' id='word_1_93' title='bbox 1144 688 1289 740; x_wconf 89' lang='lat' dir='ltr'><strong>populo</strong></span> <span class='ocrx_word' id='word_1_94' title='bbox 1310 689 1488 727; x_wconf 85' lang='lat' dir='ltr'><strong>Romano</strong></span> <span class='ocrx_word' id='word_1_95' title='bbox 1515 688 1596 727; x_wconf 90' lang='lat' dir='ltr'><strong>vel-</strong></span> 
     </span>
     <span class='ocr_line' id='line_1_15' title="bbox 191 744 1594 797; baseline -0.001 -14"><span class='ocrx_word' id='word_1_96' title='bbox 191 745 271 784; x_wconf 86' lang='lat' dir='ltr'><strong>lent</strong></span> <span class='ocrx_word' id='word_1_97' title='bbox 291 745 386 784; x_wconf 92' lang='lat' dir='ltr'><strong>nihil</strong></span> <span class='ocrx_word' id='word_1_98' title='bbox 406 757 544 784; x_wconf 91' lang='lat' dir='ltr'><strong>eorum</strong></span> <span class='ocrx_word' id='word_1_99' title='bbox 566 758 634 784; x_wconf 92' lang='lat' dir='ltr'><strong>sua</strong></span> <span class='ocrx_word' id='word_1_100' title='bbox 656 746 851 785; x_wconf 88' lang='lat' dir='ltr'><strong>voluntate</strong></span> <span class='ocrx_word' id='word_1_101' title='bbox 871 758 943 785; x_wconf 88' lang='lat' dir='ltr'><strong>nec</strong></span> <span class='ocrx_word' id='word_1_102' title='bbox 962 745 1116 797; x_wconf 91' lang='lat' dir='ltr'><strong>publico</strong></span> <span class='ocrx_word' id='word_1_103' title='bbox 1138 744 1300 784; x_wconf 90' lang='lat' dir='ltr'><strong>consilio</strong></span> <span class='ocrx_word' id='word_1_104' title='bbox 1329 745 1475 783; x_wconf 84' lang='lat' dir='ltr'><strong>sactum</strong></span> <span class='ocrx_word' id='word_1_105' title='bbox 1496 756 1594 789; x_wconf 77' lang='lat' dir='ltr'><strong>esse,</strong></span> 
     </span>
     <span class='ocr_line' id='line_1_16' title="bbox 191 800 1597 853; baseline -0.002 -13"><span class='ocrx_word' id='word_1_106' title='bbox 191 801 527 852; x_wconf 82' lang='lat' dir='ltr'><strong>Carthaginienses</strong></span> <span class='ocrx_word' id='word_1_107' title='bbox 546 802 849 853; x_wconf 89' lang='lat' dir='ltr'><strong>responderunt,</strong></span> <span class='ocrx_word' id='word_1_108' title='bbox 874 802 1059 853; x_wconf 88' lang='lat' dir='ltr'><strong>quidquid</strong></span> <span class='ocrx_word' id='word_1_109' title='bbox 1088 813 1224 840; x_wconf 86' lang='lat' dir='ltr'><strong>aecum</strong></span> <span class='ocrx_word' id='word_1_110' title='bbox 1252 800 1497 839; x_wconf 82' lang='lat' dir='ltr'><strong>censuissent</strong></span> <span class='ocrx_word' id='word_1_111' title='bbox 1517 800 1597 838; x_wconf 87' lang='lat' dir='ltr'><strong>Ro—</strong></span> 
     </span>
     <span class='ocr_line' id='line_1_17' title="bbox 193 857 623 903; baseline 0 -7"><span class='ocrx_word' id='word_1_112' title='bbox 193 857 310 903; x_wconf 91' lang='lat' dir='ltr'><strong>mani,</strong></span> <span class='ocrx_word' id='word_1_113' title='bbox 331 857 505 896; x_wconf 86' lang='lat' dir='ltr'><strong>facturos</strong></span> <span class='ocrx_word' id='word_1_114' title='bbox 526 870 623 896; x_wconf 86' lang='lat' dir='ltr'><strong>esse.</strong></span> 
     </span>
    </p>

    <p class='ocr_par' dir='ltr' id='par_1_9' title="bbox 192 911 1598 1247">
     <span class='ocr_line' id='line_1_18' title="bbox 305 911 1598 964; baseline -0.002 -13"><span class='ocrx_word' id='word_1_115' title='bbox 305 913 493 952; x_wconf 90' lang='lat' dir='ltr'><strong>Hannibal</strong></span> <span class='ocrx_word' id='word_1_116' title='bbox 528 925 716 964; x_wconf 88' lang='lat' dir='ltr'><strong>prospero</strong></span> <span class='ocrx_word' id='word_1_117' title='bbox 746 925 863 952; x_wconf 86' lang='lat' dir='ltr'><strong>cursu</strong></span> <span class='ocrx_word' id='word_1_118' title='bbox 893 913 1039 964; x_wconf 84' lang='lat' dir='ltr'><strong>Tyrum</strong></span> <span class='ocrx_word' id='word_1_119' title='bbox 1067 911 1260 963; x_wconf 84' lang='lat' dir='ltr'><strong>pervenit,</strong></span> <span class='ocrx_word' id='word_1_120' title='bbox 1289 916 1548 962; x_wconf 83' lang='lat' dir='ltr'><strong>exceptusque</strong></span> <span class='ocrx_word' id='word_1_121' title='bbox 1576 924 1598 950; x_wconf 91' lang='lat' dir='ltr'><strong>a</strong></span> 
     </span>
     <span class='ocr_line' id='line_1_19' title="bbox 192 967 1598 1021; baseline -0.001 -13"><span class='ocrx_word' id='word_1_122' title='bbox 192 969 459 1009; x_wconf 86' lang='lat' dir='ltr'><strong>conditoribus</strong></span> <span class='ocrx_word' id='word_1_123' title='bbox 479 969 731 1021; x_wconf 85' lang='lat' dir='ltr'><strong>Carthaginis,</strong></span> <span class='ocrx_word' id='word_1_124' title='bbox 754 975 797 1008; x_wconf 86' lang='lat' dir='ltr'><strong>ut</strong></span> <span class='ocrx_word' id='word_1_125' title='bbox 817 969 865 1008; x_wconf 87' lang='lat' dir='ltr'><strong>ab</strong></span> <span class='ocrx_word' id='word_1_126' title='bbox 881 969 999 1008; x_wconf 89' lang='lat' dir='ltr'><strong>altera</strong></span> <span class='ocrx_word' id='word_1_127' title='bbox 1018 967 1160 1020; x_wconf 88' lang='lat' dir='ltr'><strong>patria,</strong></span> <span class='ocrx_word' id='word_1_128' title='bbox 1182 967 1239 1006; x_wconf 91' lang='lat' dir='ltr'><strong>vir</strong></span> <span class='ocrx_word' id='word_1_129' title='bbox 1252 973 1333 1007; x_wconf 87' lang='lat' dir='ltr'><strong>tam</strong></span> <span class='ocrx_word' id='word_1_130' title='bbox 1349 968 1475 1007; x_wconf 88' lang='lat' dir='ltr'><strong>clarus</strong></span> <span class='ocrx_word' id='word_1_131' title='bbox 1491 967 1598 1006; x_wconf 89' lang='lat' dir='ltr'><strong>omni</strong></span> 
     </span>
     <span class='ocr_line' id='line_1_20' title="bbox 192 1023 1597 1077; baseline -0.001 -13"><span class='ocrx_word' id='word_1_132' title='bbox 192 1037 331 1077; x_wconf 85' lang='lat' dir='ltr'><strong>genere</strong></span> <span class='ocrx_word' id='word_1_133' title='bbox 350 1026 565 1073; x_wconf 88' lang='lat' dir='ltr'><strong>honorum,</strong></span> <span class='ocrx_word' id='word_1_134' title='bbox 586 1039 733 1077; x_wconf 87' lang='lat' dir='ltr'><strong>paucos</strong></span> <span class='ocrx_word' id='word_1_135' title='bbox 762 1031 935 1065; x_wconf 89' lang='lat' dir='ltr'><strong>moratus</strong></span> <span class='ocrx_word' id='word_1_136' title='bbox 962 1025 1042 1064; x_wconf 86' lang='lat' dir='ltr'><strong>dies</strong></span> <span class='ocrx_word' id='word_1_137' title='bbox 1070 1024 1314 1064; x_wconf 90' lang='lat' dir='ltr'><strong>Antiochiam</strong></span> <span class='ocrx_word' id='word_1_138' title='bbox 1342 1024 1503 1075; x_wconf 86' lang='lat' dir='ltr'><strong>navigat.</strong></span> <span class='ocrx_word' id='word_1_139' title='bbox 1545 1023 1597 1062; x_wconf 91' lang='lat' dir='ltr'><strong>ibi</strong></span> 
     </span>
     <span class='ocr_line' id='line_1_21' title="bbox 193 1080 1598 1134; baseline -0.002 -13"><span class='ocrx_word' id='word_1_140' title='bbox 193 1082 409 1134; x_wconf 87' lang='lat' dir='ltr'><strong>profectum</strong></span> <span class='ocrx_word' id='word_1_141' title='bbox 431 1082 507 1121; x_wconf 90' lang='lat' dir='ltr'><strong>iam</strong></span> <span class='ocrx_word' id='word_1_142' title='bbox 527 1095 658 1134; x_wconf 85' lang='lat' dir='ltr'><strong>regem</strong></span> <span class='ocrx_word' id='word_1_143' title='bbox 679 1082 719 1120; x_wconf 92' lang='lat' dir='ltr'><strong>in</strong></span> <span class='ocrx_word' id='word_1_144' title='bbox 738 1083 868 1121; x_wconf 85' lang='lat' dir='ltr'><strong>Asiam</strong></span> <span class='ocrx_word' id='word_1_145' title='bbox 891 1094 979 1121; x_wconf 89' lang='lat' dir='ltr'><strong>cum</strong></span> <span class='ocrx_word' id='word_1_146' title='bbox 1003 1081 1184 1127; x_wconf 86' lang='lat' dir='ltr'><strong>audisset,</strong></span> <span class='ocrx_word' id='word_1_147' title='bbox 1201 1081 1401 1132; x_wconf 88' lang='lat' dir='ltr'><strong>filiumque</strong></span> <span class='ocrx_word' id='word_1_148' title='bbox 1417 1081 1499 1119; x_wconf 90' lang='lat' dir='ltr'><strong>eius</strong></span> <span class='ocrx_word' id='word_1_149' title='bbox 1517 1080 1598 1119; x_wconf 92' lang='lat' dir='ltr'><strong>sol-</strong></span> 
     </span>
     <span class='ocr_line' id='line_1_22' title="bbox 194 1135 1597 1190; baseline -0.001 -13"><span class='ocrx_word' id='word_1_150' title='bbox 194 1140 320 1177; x_wconf 92' lang='lat' dir='ltr'><strong>lemne</strong></span> <span class='ocrx_word' id='word_1_151' title='bbox 340 1138 522 1178; x_wconf 87' lang='lat' dir='ltr'><strong>ludorum</strong></span> <span class='ocrx_word' id='word_1_152' title='bbox 542 1139 587 1178; x_wconf 86' lang='lat' dir='ltr'><strong>ad</strong></span> <span class='ocrx_word' id='word_1_153' title='bbox 608 1139 795 1190; x_wconf 86' lang='lat' dir='ltr'><strong>Daphnen</strong></span> <span class='ocrx_word' id='word_1_154' title='bbox 816 1139 1072 1178; x_wconf 86' lang='lat' dir='ltr'><strong>celebrantem</strong></span> <span class='ocrx_word' id='word_1_155' title='bbox 1095 1137 1348 1182; x_wconf 87' lang='lat' dir='ltr'><strong>convenisset,</strong></span> <span class='ocrx_word' id='word_1_156' title='bbox 1366 1136 1531 1175; x_wconf 87' lang='lat' dir='ltr'><strong>comiter</strong></span> <span class='ocrx_word' id='word_1_157' title='bbox 1550 1135 1597 1175; x_wconf 92' lang='lat' dir='ltr'><strong>ab</strong></span> 
     </span>
     <span class='ocr_line' id='line_1_23' title="bbox 193 1193 1598 1247; baseline -0.001 -14"><span class='ocrx_word' id='word_1_158' title='bbox 193 1208 240 1234; x_wconf 88' lang='lat' dir='ltr'><strong>eo</strong></span> <span class='ocrx_word' id='word_1_159' title='bbox 269 1200 452 1247; x_wconf 83' lang='lat' dir='ltr'><strong>exceptus</strong></span> <span class='ocrx_word' id='word_1_160' title='bbox 478 1195 622 1234; x_wconf 90' lang='lat' dir='ltr'><strong>nullam</strong></span> <span class='ocrx_word' id='word_1_161' title='bbox 650 1207 801 1234; x_wconf 89' lang='lat' dir='ltr'><strong>moram</strong></span> <span class='ocrx_word' id='word_1_162' title='bbox 828 1194 1029 1246; x_wconf 82' lang='lat' dir='ltr'><strong>navigandi</strong></span> <span class='ocrx_word' id='word_1_163' title='bbox 1055 1194 1157 1232; x_wconf 88' lang='lat' dir='ltr'><strong>fecit.</strong></span> <span class='ocrx_word' id='word_1_164' title='bbox 1199 1193 1340 1244; x_wconf 85' lang='lat' dir='ltr'><strong>Ephesi</strong></span> <span class='ocrx_word' id='word_1_165' title='bbox 1376 1205 1505 1243; x_wconf 86' lang='lat' dir='ltr'><strong>regem</strong></span> <span class='ocrx_word' id='word_1_166' title='bbox 1538 1198 1598 1231; x_wconf 83' lang='lat' dir='ltr'><strong>est</strong></span> 
     </span>
    </p>
   </div>
   <div class='ocr_carea' id='block_1_9' title="bbox 197 1291 1598 1336">
    <p class='ocr_par' dir='ltr' id='par_1_10' title="bbox 197 1291 1598 1336">
     <span class='ocr_line' id='line_1_24' title="bbox 197 1291 1598 1336; baseline -0.002 -11"><span class='ocrx_word' id='word_1_167' title='bbox 197 1295 616 1335; x_wconf 71' lang='lat' dir='ltr'><strong>voncc‘vitateabhiingtzin</strong></span> <span class='ocrx_word' id='word_1_168' title='bbox 630 1295 859 1327; x_wconf 83' lang='lat' dir='ltr'><strong>einemStaate</strong></span> <span class='ocrx_word' id='word_1_169' title='bbox 928 1296 1136 1336; x_wconf 72' lang='lat' dir='ltr'><strong>giniense&#39;um</strong></span> <span class='ocrx_word' id='word_1_170' title='bbox 1163 1293 1270 1335; x_wconf 69' lang='lat' dir='ltr'><strong>legati</strong></span> <span class='ocrx_word' id='word_1_171' title='bbox 1290 1292 1336 1323; x_wconf 80' lang='lat' dir='ltr'><strong>acl</strong></span> <span class='ocrx_word' id='word_1_172' title='bbox 1363 1291 1598 1323; x_wconf 77' lang='lat' dir='ltr'><strong>celebrandum</strong></span> 
     </span>
    </p>
   </div>
   <div class='ocr_carea' id='block_1_10' title="bbox 193 1339 862 2595">
    <p class='ocr_par' dir='ltr' id='par_1_11' title="bbox 194 1339 862 1551">
     <span class='ocr_line' id='line_1_25' title="bbox 196 1339 859 1377; baseline -0.002 -6"><span class='ocrx_word' id='word_1_173' title='bbox 196 1350 259 1371; x_wconf 89' lang='lat' dir='ltr'><strong>von</strong></span> <span class='ocrx_word' id='word_1_174' title='bbox 289 1339 481 1377; x_wconf 86' lang='lat' dir='ltr'><strong>Menschen,</strong></span> <span class='ocrx_word' id='word_1_175' title='bbox 514 1340 566 1371; x_wconf 91' lang='lat' dir='ltr'><strong>die</strong></span> <span class='ocrx_word' id='word_1_176' title='bbox 597 1341 859 1372; x_wconf 85' lang='lat' dir='ltr'><strong>verschiedenen</strong></span> 
     </span>
     <span class='ocr_line' id='line_1_26' title="bbox 196 1384 859 1428; baseline 0 -12"><span class='ocrx_word' id='word_1_177' title='bbox 196 1384 349 1417; x_wconf 83' lang='lat' dir='ltr'><strong>Parteien</strong></span> <span class='ocrx_word' id='word_1_178' title='bbox 366 1385 539 1426; x_wconf 78' lang='lat' dir='ltr'><strong>huldigen3</strong></span> <span class='ocrx_word' id='word_1_179' title='bbox 562 1385 615 1416; x_wconf 85' lang='lat' dir='ltr'><strong>die</strong></span> <span class='ocrx_word' id='word_1_180' title='bbox 637 1388 756 1428; x_wconf 73' lang='lat' dir='ltr'><strong>partes</strong></span> <span class='ocrx_word' id='word_1_181' title='bbox 772 1395 859 1416; x_wconf 79' lang='lat' dir='ltr'><strong>wer-</strong></span> 
     </span>
     <span class='ocr_line' id='line_1_27' title="bbox 194 1430 858 1472; baseline 0.002 -12"><span class='ocrx_word' id='word_1_182' title='bbox 194 1430 256 1462; x_wconf 85' lang='lat' dir='ltr'><strong>den</strong></span> <span class='ocrx_word' id='word_1_183' title='bbox 295 1430 501 1462; x_wconf 87' lang='lat' dir='ltr'><strong>bestimmter</strong></span> <span class='ocrx_word' id='word_1_184' title='bbox 538 1430 641 1462; x_wconf 87' lang='lat' dir='ltr'><strong>durch</strong></span> <span class='ocrx_word' id='word_1_185' title='bbox 678 1431 858 1472; x_wconf 60' lang='lat' dir='ltr'><strong>farteffones,</strong></span> 
     </span>
     <span class='ocr_line' id='line_1_28' title="bbox 195 1475 862 1516; baseline -0.001 -10"><span class='ocrx_word' id='word_1_186' title='bbox 195 1475 279 1506; x_wconf 86' lang='lat' dir='ltr'><strong>daun</strong></span> <span class='ocrx_word' id='word_1_187' title='bbox 295 1475 390 1506; x_wconf 79' lang='lat' dir='ltr'><strong>alior.</strong></span> <span class='ocrx_word' id='word_1_188' title='bbox 404 1475 491 1506; x_wconf 72' lang='lat' dir='ltr'><strong>alias</strong></span> <span class='ocrx_word' id='word_1_189' title='bbox 505 1475 576 1516; x_wconf 60' lang='grc' dir='ltr'><strong>βου.</strong></span> <span class='ocrx_word' id='word_1_190' title='bbox 590 1476 694 1507; x_wconf 88' lang='lat' dir='ltr'><strong>durch</strong></span> <span class='ocrx_word' id='word_1_191' title='bbox 711 1475 862 1507; x_wconf 69' lang='lat' dir='ltr'><strong>discorde·</strong></span> 
     </span>
     <span class='ocr_line' id='line_1_29' title="bbox 197 1520 519 1551; baseline 0 0"><span class='ocrx_word' id='word_1_192' title='bbox 197 1520 299 1551; x_wconf 71' lang='lat' dir='ltr'><strong>niiher</strong></span> <span class='ocrx_word' id='word_1_193' title='bbox 316 1520 519 1551; x_wconf 82' lang='lat' dir='ltr'><strong>bezeichnet.</strong></span> 
     </span>
    </p>

    <p class='ocr_par' dir='ltr' id='par_1_12' title="bbox 193 1558 860 2458">
     <span class='ocr_line' id='line_1_30' title="bbox 240 1558 858 1607; baseline -0.003 -10"><span class='ocrx_word' id='word_1_194' title='bbox 240 1558 309 1597; x_wconf 82' lang='grc'><strong>49.</strong></span> <span class='ocrx_word' id='word_1_195' title='bbox 337 1565 418 1596; x_wconf 89' lang='grc'><strong>1-4.</strong></span> <span class='ocrx_word' id='word_1_196' title='bbox 443 1568 477 1596; x_wconf 80' lang='lat' dir='ltr'><strong>et</strong></span> <span class='ocrx_word' id='word_1_197' title='bbox 500 1564 614 1607; x_wconf 83' lang='lat' dir='ltr'><strong>kniipft</strong></span> <span class='ocrx_word' id='word_1_198' title='bbox 637 1565 710 1596; x_wconf 88' lang='lat' dir='ltr'><strong>eine</strong></span> <span class='ocrx_word' id='word_1_199' title='bbox 739 1565 858 1596; x_wconf 79' lang='lat' dir='ltr'><strong>zweite</strong></span> 
     </span>
     <span class='ocr_line' id='line_1_31' title="bbox 197 1609 859 1651; baseline -0.002 -10"><span class='ocrx_word' id='word_1_200' title='bbox 197 1609 364 1650; x_wconf 86' lang='lat' dir='ltr'><strong>Wirkung</strong></span> <span class='ocrx_word' id='word_1_201' title='bbox 395 1610 452 1641; x_wconf 90' lang='lat' dir='ltr'><strong>des</strong></span> <span class='ocrx_word' id='word_1_202' title='bbox 484 1609 697 1651; x_wconf 82' lang='lat' dir='ltr'><strong>Ereignisses</strong></span> <span class='ocrx_word' id='word_1_203' title='bbox 730 1620 783 1640; x_wconf 90' lang='lat' dir='ltr'><strong>an.</strong></span> <span class='ocrx_word' id='word_1_204' title='bbox 815 1627 859 1632; x_wconf 90' lang='lat'>—</span> 
     </span>
     <span class='ocr_line' id='line_1_32' title="bbox 193 1654 859 1697; baseline -0.002 -11"><span class='ocrx_word' id='word_1_205' title='bbox 193 1658 283 1697; x_wconf 79' lang='lat' dir='ltr'><strong>patr.</strong></span> <span class='ocrx_word' id='word_1_206' title='bbox 297 1655 404 1697; x_wconf 60' lang='lat' dir='ltr'><strong>Rom„</strong></span> <span class='ocrx_word' id='word_1_207' title='bbox 425 1656 452 1695; x_wconf 84' lang='lat'><strong>1,</strong></span> <span class='ocrx_word' id='word_1_208' title='bbox 470 1654 521 1694; x_wconf 80' lang='lat'><strong>18,</strong></span> <span class='ocrx_word' id='word_1_209' title='bbox 536 1656 566 1686; x_wconf 84' lang='lat'><strong>5.</strong></span> <span class='ocrx_word' id='word_1_210' title='bbox 581 1673 626 1677; x_wconf 90' lang='lat'>—</span> <span class='ocrx_word' id='word_1_211' title='bbox 641 1657 720 1686; x_wconf 75' lang='lat' dir='ltr'><strong>ante</strong></span> <span class='ocrx_word' id='word_1_212' title='bbox 738 1655 859 1686; x_wconf 81' lang='lat' dir='ltr'><strong>konnte</strong></span> 
     </span>
     <span class='ocr_line' id='line_1_33' title="bbox 197 1699 857 1743; baseline 0.002 -13"><span class='ocrx_word' id='word_1_213' title='bbox 197 1700 285 1732; x_wconf 86' lang='lat' dir='ltr'><strong>nicht</strong></span> <span class='ocrx_word' id='word_1_214' title='bbox 306 1700 394 1731; x_wconf 89' lang='lat' dir='ltr'><strong>wohl</strong></span> <span class='ocrx_word' id='word_1_215' title='bbox 418 1710 480 1731; x_wconf 85' lang='lat' dir='ltr'><strong>vor</strong></span> <span class='ocrx_word' id='word_1_216' title='bbox 509 1699 700 1743; x_wconf 66' lang='lat' dir='ltr'><strong>th&#39;lzppmn</strong></span> <span class='ocrx_word' id='word_1_217' title='bbox 731 1700 857 1731; x_wconf 82' lang='lat' dir='ltr'><strong>stehen.</strong></span> 
     </span>
     <span class='ocr_line' id='line_1_34' title="bbox 194 1745 859 1786; baseline -0.002 -10"><span class='ocrx_word' id='word_1_218' title='bbox 194 1763 238 1768; x_wconf 85' lang='lat'><em>—</em></span> <span class='ocrx_word' id='word_1_219' title='bbox 253 1756 356 1783; x_wconf 82' lang='lat' dir='ltr'><strong>nunc,</strong></span> <span class='ocrx_word' id='word_1_220' title='bbox 375 1755 400 1776; x_wconf 91' lang='lat' dir='ltr'><strong>s.</strong></span> <span class='ocrx_word' id='word_1_221' title='bbox 422 1746 457 1784; x_wconf 88' lang='lat'><strong>3,</strong></span> <span class='ocrx_word' id='word_1_222' title='bbox 476 1746 530 1780; x_wconf 76' lang='lat'><strong>40,</strong></span> <span class='ocrx_word' id='word_1_223' title='bbox 551 1746 606 1784; x_wconf 85' lang='lat'><strong>10;</strong></span> <span class='ocrx_word' id='word_1_224' title='bbox 627 1745 679 1783; x_wconf 87' lang='lat'><strong>44,</strong></span> <span class='ocrx_word' id='word_1_225' title='bbox 700 1745 751 1786; x_wconf 84' lang='lat'><strong>20,</strong></span> <span class='ocrx_word' id='word_1_226' title='bbox 767 1746 796 1776; x_wconf 86' lang='lat'><strong>5.</strong></span> <span class='ocrx_word' id='word_1_227' title='bbox 816 1763 859 1767; x_wconf 84' lang='lat'>-</span> 
     </span>
     <span class='ocr_line' id='line_1_35' title="bbox 194 1789 860 1832; baseline 0.002 -12"><span class='ocrx_word' id='word_1_228' title='bbox 194 1790 313 1822; x_wconf 69' lang='lat' dir='ltr'><strong>hellam</strong></span> <span class='ocrx_word' id='word_1_229' title='bbox 326 1790 406 1832; x_wconf 65' lang='lat' dir='ltr'><strong>fec„</strong></span> <span class='ocrx_word' id='word_1_230' title='bbox 421 1790 494 1829; x_wconf 84' lang='lat'>31,1</span> <span class='ocrx_word' id='word_1_231' title='bbox 508 1790 577 1830; x_wconf 83' lang='lat'><strong>1‚5.</strong></span> <span class='ocrx_word' id='word_1_232' title='bbox 588 1808 630 1812; x_wconf 83' lang='lat'><em>—</em></span> <span class='ocrx_word' id='word_1_233' title='bbox 643 1789 737 1821; x_wconf 78' lang='lat' dir='ltr'><strong>haud</strong></span> <span class='ocrx_word' id='word_1_234' title='bbox 746 1791 860 1831; x_wconf 62' lang='lat' dir='ltr'><strong>quiet„</strong></span> 
     </span>
     <span class='ocr_line' id='line_1_36' title="bbox 195 1835 859 1875; baseline 0 -10"><span class='ocrx_word' id='word_1_235' title='bbox 195 1835 253 1873; x_wconf 86' lang='grc'>21,</span> <span class='ocrx_word' id='word_1_236' title='bbox 274 1835 329 1875; x_wconf 83' lang='lat'><strong>10,</strong></span> <span class='ocrx_word' id='word_1_237' title='bbox 348 1835 377 1865; x_wconf 88' lang='lat'><strong>3.</strong></span> <span class='ocrx_word' id='word_1_238' title='bbox 396 1853 437 1857; x_wconf 93' lang='lat'>—</span> <span class='ocrx_word' id='word_1_239' title='bbox 456 1837 633 1871; x_wconf 67' lang='lat' dir='ltr'><strong>emmisset,</strong></span> <span class='ocrx_word' id='word_1_240' title='bbox 652 1835 859 1875; x_wconf 74' lang='lat' dir='ltr'><strong>gewiihnlich</strong></span> 
     </span>
     <span class='ocr_line' id='line_1_37' title="bbox 196 1878 859 1911; baseline 0.002 -2"><span class='ocrx_word' id='word_1_241' title='bbox 196 1880 334 1911; x_wconf 85' lang='lat' dir='ltr'><strong>braucht</strong></span> <span class='ocrx_word' id='word_1_242' title='bbox 356 1878 392 1910; x_wconf 90' lang='lat' dir='ltr'><strong>L.</strong></span> <span class='ocrx_word' id='word_1_243' title='bbox 417 1879 469 1910; x_wconf 88' lang='lat' dir='ltr'><strong>die</strong></span> <span class='ocrx_word' id='word_1_244' title='bbox 491 1880 580 1911; x_wconf 73' lang='lat' dir='ltr'><strong>volle</strong></span> <span class='ocrx_word' id='word_1_245' title='bbox 602 1879 712 1911; x_wconf 87' lang='lat' dir='ltr'><strong>Form.</strong></span> <span class='ocrx_word' id='word_1_246' title='bbox 737 1899 779 1902; x_wconf 83' lang='lat'>—</span> <span class='ocrx_word' id='word_1_247' title='bbox 804 1890 859 1910; x_wconf 78' lang='lat' dir='ltr'><strong>sa—</strong></span> 
     </span>
     <span class='ocr_line' id='line_1_38' title="bbox 193 1924 856 1966; baseline 0.002 -11"><span class='ocrx_word' id='word_1_248' title='bbox 193 1924 283 1966; x_wconf 70' lang='lat' dir='ltr'><strong>tisfi,</strong></span> <span class='ocrx_word' id='word_1_249' title='bbox 320 1924 491 1965; x_wconf 79' lang='lat' dir='ltr'><strong>geniigend</strong></span> <span class='ocrx_word' id='word_1_250' title='bbox 526 1925 749 1963; x_wconf 74' lang='lat' dir='ltr'><strong>nnchweisen,</strong></span> <span class='ocrx_word' id='word_1_251' title='bbox 790 1924 856 1956; x_wconf 86' lang='lat' dir='ltr'><strong>Cic.</strong></span> 
     </span>
     <span class='ocr_line' id='line_1_39' title="bbox 195 1969 858 2011; baseline -0.002 -10"><span class='ocrx_word' id='word_1_252' title='bbox 195 1969 293 2001; x_wconf 87' lang='lat' dir='ltr'><strong>Verr.</strong></span> <span class='ocrx_word' id='word_1_253' title='bbox 313 1969 330 1999; x_wconf 85' lang='lat'>2</span> <span class='ocrx_word' id='word_1_254' title='bbox 342 1993 350 2008; x_wconf 91' lang='lat'><strong>,</strong></span> <span class='ocrx_word' id='word_1_255' title='bbox 369 1969 398 2010; x_wconf 81' lang='lat'><strong>7,</strong></span> <span class='ocrx_word' id='word_1_256' title='bbox 417 1969 473 2000; x_wconf 79' lang='lat'><strong>20:</strong></span> <span class='ocrx_word' id='word_1_257' title='bbox 494 1970 582 2000; x_wconf 74' lang='lat' dir='ltr'><strong>vobis</strong></span> <span class='ocrx_word' id='word_1_258' title='bbox 596 1972 712 2011; x_wconf 72' lang='lat' dir='ltr'><strong>priore</strong></span> <span class='ocrx_word' id='word_1_259' title='bbox 729 1971 858 2001; x_wconf 74' lang='lat' dir='ltr'><strong>actione.</strong></span> 
     </span>
     <span class='ocr_line' id='line_1_40' title="bbox 194 2013 859 2055; baseline 0.002 -11"><span class='ocrx_word' id='word_1_260' title='bbox 194 2014 415 2055; x_wconf 67' lang='lat' dir='ltr'><strong>satisfactum.</strong></span> <span class='ocrx_word' id='word_1_261' title='bbox 438 2016 491 2045; x_wconf 71' lang='lat' dir='ltr'><strong>est</strong></span> <span class='ocrx_word' id='word_1_262' title='bbox 514 2013 569 2045; x_wconf 83' lang='lat' dir='ltr'><strong>HS</strong></span> <span class='ocrx_word' id='word_1_263' title='bbox 589 2014 722 2045; x_wconf 69' lang='lat' dir='ltr'><strong>deciens</strong></span> <span class='ocrx_word' id='word_1_264' title='bbox 743 2026 859 2045; x_wconf 74' lang='lat' dir='ltr'><strong>mune-</strong></span> 
     </span>
     <span class='ocr_line' id='line_1_41' title="bbox 196 2058 858 2099; baseline 0.002 -9"><span class='ocrx_word' id='word_1_265' title='bbox 196 2062 307 2091; x_wconf 70' lang='lat' dir='ltr'><strong>ratum</strong></span> <span class='ocrx_word' id='word_1_266' title='bbox 326 2070 416 2098; x_wconf 83' lang='lat' dir='ltr'><strong>esse,</strong></span> <span class='ocrx_word' id='word_1_267' title='bbox 439 2059 505 2099; x_wconf 79' lang='lat' dir='ltr'><strong>vgl.</strong></span> <span class='ocrx_word' id='word_1_268' title='bbox 525 2058 583 2097; x_wconf 82' lang='grc'>31,</span> <span class='ocrx_word' id='word_1_269' title='bbox 607 2060 661 2094; x_wconf 62' lang='lat' dir='ltr'><strong>lt»,</strong></span> <span class='ocrx_word' id='word_1_270' title='bbox 681 2060 709 2089; x_wconf 84' lang='grc'><strong>2.</strong></span> <span class='ocrx_word' id='word_1_271' title='bbox 728 2078 766 2082; x_wconf 63' lang='lat'><strong>—-</strong></span> <span class='ocrx_word' id='word_1_272' title='bbox 785 2070 858 2096; x_wconf 76' lang='lat' dir='ltr'><strong>sela,</strong></span> 
     </span>
     <span class='ocr_line' id='line_1_42' title="bbox 195 2103 859 2146; baseline 0 -11"><span class='ocrx_word' id='word_1_273' title='bbox 195 2105 252 2135; x_wconf 86' lang='lat' dir='ltr'><strong>des</strong></span> <span class='ocrx_word' id='word_1_274' title='bbox 266 2103 420 2143; x_wconf 82' lang='lat' dir='ltr'><strong>senates3</strong></span> <span class='ocrx_word' id='word_1_275' title='bbox 436 2104 527 2146; x_wconf 72' lang='lat' dir='ltr'><strong>publ.</strong></span> <span class='ocrx_word' id='word_1_276' title='bbox 541 2114 642 2139; x_wconf 71' lang='lat' dir='ltr'><strong>cons..</strong></span> <span class='ocrx_word' id='word_1_277' title='bbox 661 2104 741 2134; x_wconf 74' lang='lat' dir='ltr'><strong>nach</strong></span> <span class='ocrx_word' id='word_1_278' title='bbox 755 2104 859 2135; x_wconf 75' lang='lat' dir='ltr'><strong>einem</strong></span> 
     </span>
     <span class='ocr_line' id='line_1_43' title="bbox 196 2148 859 2189; baseline -0.002 -9"><span class='ocrx_word' id='word_1_279' title='bbox 196 2149 392 2181; x_wconf 82' lang='lat' dir='ltr'><strong>sseschlusse</strong></span> <span class='ocrx_word' id='word_1_280' title='bbox 416 2149 473 2179; x_wconf 88' lang='lat' dir='ltr'><strong>des</strong></span> <span class='ocrx_word' id='word_1_281' title='bbox 491 2148 633 2187; x_wconf 77' lang='lat' dir='ltr'><strong>Volkes,</strong></span> <span class='ocrx_word' id='word_1_282' title='bbox 659 2149 725 2189; x_wconf 82' lang='lat' dir='ltr'><strong>vgl.</strong></span> <span class='ocrx_word' id='word_1_283' title='bbox 752 2150 787 2181; x_wconf 72' lang='grc' dir='ltr'><strong>(ἱ.</strong></span> <span class='ocrx_word' id='word_1_284' title='bbox 810 2150 859 2186; x_wconf 85' lang='grc'>10,</span> 
     </span>
     <span class='ocr_line' id='line_1_44' title="bbox 197 2192 860 2235; baseline -0.002 -11"><span class='ocrx_word' id='word_1_285' title='bbox 197 2195 234 2233; x_wconf 82' lang='lat'><strong>73</strong></span> <span class='ocrx_word' id='word_1_286' title='bbox 252 2194 372 2225; x_wconf 89' lang='lat' dir='ltr'><strong>anders</strong></span> <span class='ocrx_word' id='word_1_287' title='bbox 389 2192 519 2225; x_wconf 69' lang='lat' dir='ltr'><strong>lustin:</strong></span> <span class='ocrx_word' id='word_1_288' title='bbox 537 2193 670 2235; x_wconf 74' lang='lat' dir='ltr'><strong>legatus</strong></span> <span class='ocrx_word' id='word_1_289' title='bbox 688 2193 860 2225; x_wconf 75' lang='lat' dir='ltr'><strong>Romanus</strong></span> 
     </span>
     <span class='ocr_line' id='line_1_45' title="bbox 205 2238 860 2281; baseline -0.002 -11"><span class='ocrx_word' id='word_1_290' title='bbox 205 2259 215 2262; x_wconf 60' lang='lat'>&lt;</span> <span class='ocrx_word' id='word_1_291' title='bbox 233 2240 358 2270; x_wconf 72' lang='lat' dir='ltr'><strong>tacitus</strong></span> <span class='ocrx_word' id='word_1_292' title='bbox 375 2238 516 2270; x_wconf 79' lang='lat' dir='ltr'><strong>Romam</strong></span> <span class='ocrx_word' id='word_1_293' title='bbox 540 2238 739 2280; x_wconf 69' lang='lat' dir='ltr'><strong>reg-reditur</strong></span> <span class='ocrx_word' id='word_1_294' title='bbox 755 2241 860 2281; x_wconf 66' lang='lat' dir='ltr'><strong>trepi-</strong></span> 
     </span>
     <span class='ocr_line' id='line_1_46' title="bbox 197 2284 860 2325; baseline -0.002 -10"><span class='ocrx_word' id='word_1_295' title='bbox 197 2284 340 2325; x_wconf 71' lang='lat' dir='ltr'><strong>dumque</strong></span> <span class='ocrx_word' id='word_1_296' title='bbox 360 2285 519 2315; x_wconf 75' lang='lat' dir='ltr'><strong>nuntium.</strong></span> <span class='ocrx_word' id='word_1_297' title='bbox 542 2284 665 2325; x_wconf 76' lang='lat' dir='ltr'><strong>refert.</strong></span> <span class='ocrx_word' id='word_1_298' title='bbox 683 2302 727 2306; x_wconf 88' lang='lat'>—</span> <span class='ocrx_word' id='word_1_299' title='bbox 743 2284 860 2325; x_wconf 72' lang='lat' dir='ltr'><strong>saeta-</strong></span> 
     </span>
     <span class='ocr_line' id='line_1_47' title="bbox 197 2328 858 2370; baseline 0 -11"><span class='ocrx_word' id='word_1_300' title='bbox 197 2339 252 2360; x_wconf 58' lang='grc' dir='ltr'><strong>’νος</strong></span> <span class='ocrx_word' id='word_1_301' title='bbox 273 2340 361 2365; x_wconf 75' lang='lat' dir='ltr'><strong>esse,</strong></span> <span class='ocrx_word' id='word_1_302' title='bbox 387 2329 453 2369; x_wconf 87' lang='lat' dir='ltr'><strong>vgl.</strong></span> <span class='ocrx_word' id='word_1_303' title='bbox 481 2328 538 2370; x_wconf 83' lang='lat'><strong>28,</strong></span> <span class='ocrx_word' id='word_1_304' title='bbox 558 2328 615 2370; x_wconf 83' lang='lat'><strong>23,</strong></span> <span class='ocrx_word' id='word_1_305' title='bbox 635 2330 671 2365; x_wconf 68' lang='grc' dir='ltr'><strong>ὃς</strong></span> <span class='ocrx_word' id='word_1_306' title='bbox 697 2339 722 2359; x_wconf 90' lang='lat' dir='ltr'><strong>s.</strong></span> <span class='ocrx_word' id='word_1_307' title='bbox 748 2340 787 2359; x_wconf 89' lang='lat' dir='ltr'><strong>zu</strong></span> <span class='ocrx_word' id='word_1_308' title='bbox 804 2329 858 2368; x_wconf 83' lang='lat'><strong>41,</strong></span> 
     </span>
     <span class='ocr_line' id='line_1_48' title="bbox 202 2372 859 2415; baseline -0.002 -10"><span class='ocrx_word' id='word_1_309' title='bbox 202 2375 248 2415; x_wconf 79' lang='lat'><strong>10,</strong></span> <span class='ocrx_word' id='word_1_310' title='bbox 266 2375 296 2405; x_wconf 87' lang='lat'><strong>7.</strong></span> <span class='ocrx_word' id='word_1_311' title='bbox 322 2372 414 2405; x_wconf 59' lang='lat' dir='ltr'><strong>‘Naeh</strong></span> <span class='ocrx_word' id='word_1_312' title='bbox 432 2373 564 2405; x_wconf 70' lang='lat' dir='ltr'><strong>Cernel.</strong></span> <span class='ocrx_word' id='word_1_313' title='bbox 580 2374 610 2411; x_wconf 81' lang='lat'><strong>7,</strong></span> <span class='ocrx_word' id='word_1_314' title='bbox 626 2374 643 2404; x_wconf 88' lang='lat'>7</span> <span class='ocrx_word' id='word_1_315' title='bbox 664 2373 754 2404; x_wconf 75' lang='lat' dir='ltr'><strong>wiirc</strong></span> <span class='ocrx_word' id='word_1_316' title='bbox 773 2373 859 2405; x_wconf 84' lang='lat' dir='ltr'><strong>Han-</strong></span> 
     </span>
     <span class='ocr_line' id='line_1_49' title="bbox 197 2418 729 2458; baseline -0.002 -9"><span class='ocrx_word' id='word_1_317' title='bbox 197 2419 284 2450; x_wconf 85' lang='lat' dir='ltr'><strong>nibal</strong></span> <span class='ocrx_word' id='word_1_318' title='bbox 299 2418 385 2458; x_wconf 84' lang='lat' dir='ltr'><strong>jetzt</strong></span> <span class='ocrx_word' id='word_1_319' title='bbox 402 2419 565 2450; x_wconf 84' lang='lat' dir='ltr'><strong>verbannt</strong></span> <span class='ocrx_word' id='word_1_320' title='bbox 583 2419 729 2450; x_wconf 86' lang='lat' dir='ltr'><strong>worden.</strong></span> 
     </span>
    </p>

    <p class='ocr_par' dir='ltr' id='par_1_13' title="bbox 196 2462 859 2595">
     <span class='ocr_line' id='line_1_50' title="bbox 241 2462 857 2495; baseline -0.002 0"><span class='ocrx_word' id='word_1_321' title='bbox 241 2465 325 2495; x_wconf 74' lang='lat'><strong>5-8.</strong></span> <span class='ocrx_word' id='word_1_322' title='bbox 351 2474 453 2495; x_wconf 74' lang='lat' dir='ltr'><strong>cursu</strong></span> <span class='ocrx_word' id='word_1_323' title='bbox 475 2463 522 2494; x_wconf 85' lang='lat' dir='ltr'><strong>oft</strong></span> <span class='ocrx_word' id='word_1_324' title='bbox 537 2475 601 2495; x_wconf 90' lang='lat' dir='ltr'><strong>von</strong></span> <span class='ocrx_word' id='word_1_325' title='bbox 623 2464 680 2495; x_wconf 87' lang='lat' dir='ltr'><strong>der</strong></span> <span class='ocrx_word' id='word_1_326' title='bbox 693 2462 857 2494; x_wconf 80' lang='lat' dir='ltr'><strong>Seefahrt.</strong></span> 
     </span>
     <span class='ocr_line' id='line_1_51' title="bbox 196 2508 858 2551; baseline 0 -13"><span class='ocrx_word' id='word_1_327' title='bbox 196 2526 238 2530; x_wconf 86' lang='lat'><em>—</em></span> <span class='ocrx_word' id='word_1_328' title='bbox 254 2508 363 2540; x_wconf 74' lang='lat' dir='ltr'><strong>altera</strong></span> <span class='ocrx_word' id='word_1_329' title='bbox 381 2519 429 2551; x_wconf 87' lang='lat' dir='ltr'><strong>p.‚</strong></span> <span class='ocrx_word' id='word_1_330' title='bbox 454 2519 479 2540; x_wconf 89' lang='lat' dir='ltr'><strong>s.</strong></span> <span class='ocrx_word' id='word_1_331' title='bbox 506 2508 574 2540; x_wconf 88' lang='lat' dir='ltr'><strong>Cic.</strong></span> <span class='ocrx_word' id='word_1_332' title='bbox 592 2508 691 2549; x_wconf 81' lang='lat' dir='ltr'><strong>Legg.</strong></span> <span class='ocrx_word' id='word_1_333' title='bbox 712 2508 747 2545; x_wconf 84' lang='lat'><strong>2,</strong></span> <span class='ocrx_word' id='word_1_334' title='bbox 765 2508 801 2547; x_wconf 85' lang='lat'><strong>2,</strong></span> <span class='ocrx_word' id='word_1_335' title='bbox 820 2509 858 2547; x_wconf 81' lang='lat'><strong>53</strong></span> 
     </span>
     <span class='ocr_line' id='line_1_52' title="bbox 196 2552 859 2595; baseline 0.002 -12"><span class='ocrx_word' id='word_1_336' title='bbox 196 2563 256 2583; x_wconf 85' lang='lat' dir='ltr'><strong>zur</strong></span> <span class='ocrx_word' id='word_1_337' title='bbox 278 2552 381 2584; x_wconf 86' lang='lat' dir='ltr'><strong>Sache</strong></span> <span class='ocrx_word' id='word_1_338' title='bbox 405 2553 497 2585; x_wconf 83' lang='lat' dir='ltr'><strong>Curt.</strong></span> <span class='ocrx_word' id='word_1_339' title='bbox 521 2556 558 2595; x_wconf 80' lang='lat'><strong>4,</strong></span> <span class='ocrx_word' id='word_1_340' title='bbox 577 2553 614 2593; x_wconf 80' lang='grc'>8,</span> <span class='ocrx_word' id='word_1_341' title='bbox 635 2555 689 2585; x_wconf 87' lang='lat'><strong>10:</strong></span> <span class='ocrx_word' id='word_1_342' title='bbox 718 2554 859 2585; x_wconf 74' lang='lat' dir='ltr'><strong>Cartha-</strong></span> 
     </span>
    </p>
   </div>
   <div class='ocr_carea' id='block_1_11' title="bbox 929 1338 1599 2585">
    <p class='ocr_par' dir='ltr' id='par_1_14' title="bbox 929 1338 1599 2585">
     <span class='ocr_line' id='line_1_53' title="bbox 932 1338 1598 1380; baseline -0.003 -10"><span class='ocrx_word' id='word_1_343' title='bbox 932 1349 1067 1371; x_wconf 73' lang='lat' dir='ltr'><strong>sacrmn</strong></span> <span class='ocrx_word' id='word_1_344' title='bbox 1086 1338 1358 1370; x_wconf 75' lang='lat' dir='ltr'><strong>anniversarimn</strong></span> <span class='ocrx_word' id='word_1_345' title='bbox 1376 1346 1470 1368; x_wconf 81' lang='lat' dir='ltr'><strong>more</strong></span> <span class='ocrx_word' id='word_1_346' title='bbox 1484 1338 1598 1380; x_wconf 79' lang='lat' dir='ltr'><strong>patrio</strong></span> 
     </span>
     <span class='ocr_line' id='line_1_54' title="bbox 933 1381 1599 1425; baseline -0.003 -10"><span class='ocrx_word' id='word_1_347' title='bbox 933 1388 1010 1415; x_wconf 74' lang='lat' dir='ltr'><strong>tunc</strong></span> <span class='ocrx_word' id='word_1_348' title='bbox 1028 1385 1204 1415; x_wconf 74' lang='lat' dir='ltr'><strong>venerant:</strong></span> <span class='ocrx_word' id='word_1_349' title='bbox 1223 1384 1342 1425; x_wconf 68' lang='lat' dir='ltr'><strong>quippe</strong></span> <span class='ocrx_word' id='word_1_350' title='bbox 1358 1381 1599 1424; x_wconf 74' lang='lat' dir='ltr'><strong>Carthaginem</strong></span> 
     </span>
     <span class='ocr_line' id='line_1_55' title="bbox 938 1427 1599 1471; baseline -0.006 -9"><span class='ocrx_word' id='word_1_351' title='bbox 938 1428 1034 1471; x_wconf 77' lang='lat' dir='ltr'><strong>Tyrii</strong></span> <span class='ocrx_word' id='word_1_352' title='bbox 1054 1427 1292 1467; x_wconf 73' lang='lat' dir='ltr'><strong>condiderunt,</strong></span> <span class='ocrx_word' id='word_1_353' title='bbox 1321 1437 1455 1470; x_wconf 77' lang='lat' dir='ltr'><strong>semper</strong></span> <span class='ocrx_word' id='word_1_354' title='bbox 1474 1437 1599 1469; x_wconf 84' lang='lat' dir='ltr'><strong>paren-</strong></span> 
     </span>
     <span class='ocr_line' id='line_1_56' title="bbox 931 1471 1598 1511; baseline -0.003 -6"><span class='ocrx_word' id='word_1_355' title='bbox 931 1477 1002 1506; x_wconf 74' lang='lat' dir='ltr'><strong>tam</strong></span> <span class='ocrx_word' id='word_1_356' title='bbox 1027 1474 1095 1505; x_wconf 74' lang='lat' dir='ltr'><strong>loeo</strong></span> <span class='ocrx_word' id='word_1_357' title='bbox 1113 1472 1198 1504; x_wconf 79' lang='lat' dir='ltr'><strong>culti</strong></span> <span class='ocrx_word' id='word_1_358' title='bbox 1204 1483 1211 1511; x_wconf 83' lang='lat'>3</span> <span class='ocrx_word' id='word_1_359' title='bbox 1236 1472 1319 1504; x_wconf 90' lang='lat' dir='ltr'><strong>auch</strong></span> <span class='ocrx_word' id='word_1_360' title='bbox 1341 1472 1411 1511; x_wconf 88' lang='lat' dir='ltr'><strong>die,</strong></span> <span class='ocrx_word' id='word_1_361' title='bbox 1436 1472 1499 1503; x_wconf 87' lang='lat' dir='ltr'><strong>wie</strong></span> <span class='ocrx_word' id='word_1_362' title='bbox 1517 1471 1598 1503; x_wconf 87' lang='lat' dir='ltr'><strong>Car·</strong></span> 
     </span>
     <span class='ocr_line' id='line_1_57' title="bbox 931 1516 1597 1559; baseline -0.003 -9"><span class='ocrx_word' id='word_1_363' title='bbox 931 1520 1043 1559; x_wconf 83' lang='lat' dir='ltr'><strong>thago,</strong></span> <span class='ocrx_word' id='word_1_364' title='bbox 1062 1518 1151 1549; x_wconf 84' lang='lat' dir='ltr'><strong>nieht</strong></span> <span class='ocrx_word' id='word_1_365' title='bbox 1169 1518 1251 1549; x_wconf 88' lang='lat' dir='ltr'><strong>nach</strong></span> <span class='ocrx_word' id='word_1_366' title='bbox 1264 1517 1368 1549; x_wconf 89' lang='lat' dir='ltr'><strong>einem</strong></span> <span class='ocrx_word' id='word_1_367' title='bbox 1386 1516 1597 1548; x_wconf 67' lang='lat' dir='ltr'><strong>offentlichen</strong></span> 
     </span>
     <span class='ocr_line' id='line_1_58' title="bbox 932 1561 1598 1605; baseline -0.003 -10"><span class='ocrx_word' id='word_1_368' title='bbox 932 1564 1125 1605; x_wconf 86' lang='lat' dir='ltr'><strong>Beschluss,</strong></span> <span class='ocrx_word' id='word_1_369' title='bbox 1163 1563 1306 1594; x_wconf 88' lang='lat' dir='ltr'><strong>sondern</strong></span> <span class='ocrx_word' id='word_1_370' title='bbox 1345 1573 1408 1593; x_wconf 89' lang='lat' dir='ltr'><strong>von</strong></span> <span class='ocrx_word' id='word_1_371' title='bbox 1440 1561 1598 1594; x_wconf 88' lang='lat' dir='ltr'><strong>Privaten</strong></span> 
     </span>
     <span class='ocr_line' id='line_1_59' title="bbox 930 1607 1599 1650; baseline -0.003 -10"><span class='ocrx_word' id='word_1_372' title='bbox 930 1609 1155 1650; x_wconf 84' lang='lat' dir='ltr'><strong>gegriindeten</strong></span> <span class='ocrx_word' id='word_1_373' title='bbox 1185 1607 1344 1639; x_wconf 90' lang='lat' dir='ltr'><strong>Colonien</strong></span> <span class='ocrx_word' id='word_1_374' title='bbox 1373 1607 1511 1639; x_wconf 84' lang='lat' dir='ltr'><strong>standen</strong></span> <span class='ocrx_word' id='word_1_375' title='bbox 1540 1607 1599 1639; x_wconf 84' lang='lat' dir='ltr'><strong>mit</strong></span> 
     </span>
     <span class='ocr_line' id='line_1_60' title="bbox 931 1652 1598 1686; baseline -0.004 0"><span class='ocrx_word' id='word_1_376' title='bbox 931 1655 989 1686; x_wconf 82' lang='lat' dir='ltr'><strong>der</strong></span> <span class='ocrx_word' id='word_1_377' title='bbox 1007 1653 1225 1685; x_wconf 81' lang='lat' dir='ltr'><strong>Mutterstadt</strong></span> <span class='ocrx_word' id='word_1_378' title='bbox 1250 1653 1363 1684; x_wconf 85' lang='lat' dir='ltr'><strong>innuer</strong></span> <span class='ocrx_word' id='word_1_379' title='bbox 1389 1653 1470 1683; x_wconf 84' lang='lat' dir='ltr'><strong>noch</strong></span> <span class='ocrx_word' id='word_1_380' title='bbox 1493 1652 1527 1683; x_wconf 90' lang='lat' dir='ltr'><strong>in</strong></span> <span class='ocrx_word' id='word_1_381' title='bbox 1544 1662 1598 1684; x_wconf 89' lang='lat' dir='ltr'><strong>re-</strong></span> 
     </span>
     <span class='ocr_line' id='line_1_61' title="bbox 931 1697 1598 1740; baseline -0.004 -9"><span class='ocrx_word' id='word_1_382' title='bbox 931 1700 1071 1740; x_wconf 69' lang='lat' dir='ltr'><strong>ligioser</strong></span> <span class='ocrx_word' id='word_1_383' title='bbox 1084 1698 1298 1739; x_wconf 85' lang='lat' dir='ltr'><strong>Verbindung</strong></span> <span class='ocrx_word' id='word_1_384' title='bbox 1310 1697 1374 1729; x_wconf 90' lang='lat' dir='ltr'><strong>und</strong></span> <span class='ocrx_word' id='word_1_385' title='bbox 1387 1697 1492 1738; x_wconf 84' lang='lat' dir='ltr'><strong>gaben</strong></span> <span class='ocrx_word' id='word_1_386' title='bbox 1501 1697 1598 1738; x_wconf 76' lang='lat' dir='ltr'><strong>j&#39;ahr-</strong></span> 
     </span>
     <span class='ocr_line' id='line_1_62' title="bbox 931 1742 1597 1776; baseline -0.005 0"><span class='ocrx_word' id='word_1_387' title='bbox 931 1745 996 1776; x_wconf 83' lang='lat' dir='ltr'><strong>lich</strong></span> <span class='ocrx_word' id='word_1_388' title='bbox 1026 1745 1087 1775; x_wconf 90' lang='lat' dir='ltr'><strong>den</strong></span> <span class='ocrx_word' id='word_1_389' title='bbox 1114 1743 1263 1775; x_wconf 88' lang='lat' dir='ltr'><strong>Zehnten</strong></span> <span class='ocrx_word' id='word_1_390' title='bbox 1296 1753 1336 1774; x_wconf 84' lang='lat' dir='ltr'><strong>an</strong></span> <span class='ocrx_word' id='word_1_391' title='bbox 1365 1742 1423 1774; x_wconf 84' lang='lat' dir='ltr'><strong>das</strong></span> <span class='ocrx_word' id='word_1_392' title='bbox 1453 1742 1597 1774; x_wconf 84' lang='lat' dir='ltr'><strong>Buudes—</strong></span> 
     </span>
     <span class='ocr_line' id='line_1_63' title="bbox 931 1787 1598 1831; baseline -0.004 -10"><span class='ocrx_word' id='word_1_393' title='bbox 931 1790 1135 1831; x_wconf 82' lang='lat' dir='ltr'><strong>heiligthum,</strong></span> <span class='ocrx_word' id='word_1_394' title='bbox 1154 1799 1180 1820; x_wconf 91' lang='lat' dir='ltr'><strong>s.</strong></span> <span class='ocrx_word' id='word_1_395' title='bbox 1201 1788 1336 1819; x_wconf 73' lang='lat' dir='ltr'><strong>Movers</strong></span> <span class='ocrx_word' id='word_1_396' title='bbox 1350 1787 1410 1819; x_wconf 89' lang='lat' dir='ltr'><strong>Die</strong></span> <span class='ocrx_word' id='word_1_397' title='bbox 1423 1787 1598 1819; x_wconf 79' lang='lat' dir='ltr'><strong>Phiinicier</strong></span> 
     </span>
     <span class='ocr_line' id='line_1_64' title="bbox 932 1833 1595 1874; baseline -0.005 -8"><span class='ocrx_word' id='word_1_398' title='bbox 932 1836 963 1874; x_wconf 86' lang='grc'>2,</span> <span class='ocrx_word' id='word_1_399' title='bbox 982 1835 1011 1871; x_wconf 90' lang='grc'>2,</span> <span class='ocrx_word' id='word_1_400' title='bbox 1030 1834 1082 1865; x_wconf 86' lang='grc'><strong>50.</strong></span> <span class='ocrx_word' id='word_1_401' title='bbox 1099 1852 1143 1856; x_wconf 88' lang='lat'><strong>——</strong></span> <span class='ocrx_word' id='word_1_402' title='bbox 1159 1835 1211 1864; x_wconf 79' lang='lat' dir='ltr'><strong>vir</strong></span> <span class='ocrx_word' id='word_1_403' title='bbox 1223 1852 1243 1856; x_wconf 42' lang='grc' dir='ltr'><strong><em>ψ</em></strong></span> <span class='ocrx_word' id='word_1_404' title='bbox 1256 1834 1385 1871; x_wconf 63' lang='grc' dir='ltr'><strong>Ιιοηοικ,</strong></span> <span class='ocrx_word' id='word_1_405' title='bbox 1404 1843 1439 1863; x_wconf 87' lang='lat' dir='ltr'><strong>so</strong></span> <span class='ocrx_word' id='word_1_406' title='bbox 1457 1833 1514 1863; x_wconf 83' lang='lat' dir='ltr'><strong>hat</strong></span> <span class='ocrx_word' id='word_1_407' title='bbox 1530 1833 1595 1863; x_wconf 85' lang='lat' dir='ltr'><strong>wol</strong></span> 
     </span>
     <span class='ocr_line' id='line_1_65' title="bbox 932 1876 1595 1922; baseline -0.005 -12"><span class='ocrx_word' id='word_1_408' title='bbox 932 1879 1049 1922; x_wconf 81' lang='lat' dir='ltr'><strong>Polyb.</strong></span> <span class='ocrx_word' id='word_1_409' title='bbox 1068 1878 1265 1919; x_wconf 82' lang='lat' dir='ltr'><strong>geurtheilt,</strong></span> <span class='ocrx_word' id='word_1_410' title='bbox 1291 1877 1357 1917; x_wconf 74' lang='lat' dir='ltr'><strong>vgl.</strong></span> <span class='ocrx_word' id='word_1_411' title='bbox 1377 1876 1414 1908; x_wconf 93' lang='lat' dir='ltr'><strong>L.</strong></span> <span class='ocrx_word' id='word_1_412' title='bbox 1433 1877 1492 1916; x_wconf 87' lang='lat'><strong>21,</strong></span> <span class='ocrx_word' id='word_1_413' title='bbox 1511 1877 1547 1918; x_wconf 83' lang='lat'><strong>4,</strong></span> <span class='ocrx_word' id='word_1_414' title='bbox 1565 1878 1595 1908; x_wconf 87' lang='grc'><strong>9.</strong></span> 
     </span>
     <span class='ocr_line' id='line_1_66' title="bbox 931 1922 1593 1967; baseline -0.006 -11"><span class='ocrx_word' id='word_1_415' title='bbox 931 1942 974 1947; x_wconf 85' lang='lat'><strong>--</strong></span> <span class='ocrx_word' id='word_1_416' title='bbox 987 1924 1148 1967; x_wconf 60' lang='lat' dir='ltr'><strong>profect„</strong></span> <span class='ocrx_word' id='word_1_417' title='bbox 1167 1923 1321 1953; x_wconf 77' lang='lat' dir='ltr'><strong>nachdem</strong></span> <span class='ocrx_word' id='word_1_418' title='bbox 1333 1922 1409 1953; x_wconf 82' lang='lat' dir='ltr'><strong>Ant..</strong></span> <span class='ocrx_word' id='word_1_419' title='bbox 1431 1922 1505 1962; x_wconf 74' lang='lat'>558,</span> <span class='ocrx_word' id='word_1_420' title='bbox 1523 1932 1549 1953; x_wconf 88' lang='lat' dir='ltr'><strong>s.</strong></span> <span class='ocrx_word' id='word_1_421' title='bbox 1565 1932 1593 1953; x_wconf 88' lang='lat' dir='ltr'><strong>c.</strong></span> 
     </span>
     <span class='ocr_line' id='line_1_67' title="bbox 932 1967 1597 2008; baseline -0.002 -9"><span class='ocrx_word' id='word_1_422' title='bbox 932 1970 986 2008; x_wconf 83' lang='lat'><strong>41,</strong></span> <span class='ocrx_word' id='word_1_423' title='bbox 1004 1969 1034 2005; x_wconf 71' lang='lat'><strong>9,</strong></span> <span class='ocrx_word' id='word_1_424' title='bbox 1054 1968 1137 1999; x_wconf 81' lang='lat' dir='ltr'><strong>nach</strong></span> <span class='ocrx_word' id='word_1_425' title='bbox 1154 1967 1329 1999; x_wconf 85' lang='lat' dir='ltr'><strong>Antiochia</strong></span> <span class='ocrx_word' id='word_1_426' title='bbox 1347 1976 1533 2008; x_wconf 81' lang='lat' dir='ltr'><strong>gegangen,</strong></span> <span class='ocrx_word' id='word_1_427' title='bbox 1550 1967 1597 1998; x_wconf 85' lang='lat' dir='ltr'><strong>ist</strong></span> 
     </span>
     <span class='ocr_line' id='line_1_68' title="bbox 931 2010 1597 2052; baseline -0.005 -7"><span class='ocrx_word' id='word_1_428' title='bbox 931 2024 968 2045; x_wconf 85' lang='lat' dir='ltr'><strong>er</strong></span> <span class='ocrx_word' id='word_1_429' title='bbox 983 2015 1064 2045; x_wconf 82' lang='lat' dir='ltr'><strong>nach</strong></span> <span class='ocrx_word' id='word_1_430' title='bbox 1076 2012 1128 2044; x_wconf 86' lang='lat' dir='ltr'><strong>Ls&#39;</strong></span> <span class='ocrx_word' id='word_1_431' title='bbox 1146 2013 1359 2052; x_wconf 83' lang='lat' dir='ltr'><strong>Darstellung</strong></span> <span class='ocrx_word' id='word_1_432' title='bbox 1377 2012 1418 2043; x_wconf 86' lang='lat' dir='ltr'><strong>im</strong></span> <span class='ocrx_word' id='word_1_433' title='bbox 1432 2010 1597 2052; x_wconf 86' lang='lat' dir='ltr'><strong>Friihjahr</strong></span> 
     </span>
     <span class='ocr_line' id='line_1_69' title="bbox 932 2056 1597 2098; baseline -0.005 -8"><span class='ocrx_word' id='word_1_434' title='bbox 932 2059 996 2091; x_wconf 60' lang='lat'><strong>551.»</strong></span> <span class='ocrx_word' id='word_1_435' title='bbox 1015 2069 1079 2089; x_wconf 75' lang='lat' dir='ltr'><strong>von</strong></span> <span class='ocrx_word' id='word_1_436' title='bbox 1097 2059 1135 2089; x_wconf 83' lang='lat' dir='ltr'><strong>da</strong></span> <span class='ocrx_word' id='word_1_437' title='bbox 1158 2057 1420 2098; x_wconf 81' lang='lat' dir='ltr'><strong>nufgebrochen;</strong></span> <span class='ocrx_word' id='word_1_438' title='bbox 1444 2056 1487 2088; x_wconf 87' lang='lat' dir='ltr'><strong>im</strong></span> <span class='ocrx_word' id='word_1_439' title='bbox 1504 2056 1597 2088; x_wconf 92' lang='lat' dir='ltr'><strong>Som-</strong></span> 
     </span>
     <span class='ocr_line' id='line_1_70' title="bbox 933 2101 1597 2144; baseline -0.005 -9"><span class='ocrx_word' id='word_1_440' title='bbox 933 2113 1001 2135; x_wconf 86' lang='lat' dir='ltr'><strong>mer</strong></span> <span class='ocrx_word' id='word_1_441' title='bbox 1019 2104 1049 2135; x_wconf 89' lang='grc'><strong>(1.</strong></span> <span class='ocrx_word' id='word_1_442' title='bbox 1067 2103 1107 2144; x_wconf 80' lang='grc'><strong>,1.7</strong></span> <span class='ocrx_word' id='word_1_443' title='bbox 1127 2114 1151 2134; x_wconf 87' lang='lat' dir='ltr'><strong>s.</strong></span> <span class='ocrx_word' id='word_1_444' title='bbox 1171 2114 1197 2134; x_wconf 80' lang='lat' dir='ltr'><strong>c.</strong></span> <span class='ocrx_word' id='word_1_445' title='bbox 1217 2103 1270 2141; x_wconf 75' lang='lat'><strong>43,</strong></span> <span class='ocrx_word' id='word_1_446' title='bbox 1290 2104 1319 2144; x_wconf 71' lang='lat'><strong>5,</strong></span> <span class='ocrx_word' id='word_1_447' title='bbox 1338 2102 1381 2133; x_wconf 86' lang='lat' dir='ltr'><strong>ist</strong></span> <span class='ocrx_word' id='word_1_448' title='bbox 1398 2101 1435 2133; x_wconf 90' lang='lat' dir='ltr'><strong>H.</strong></span> <span class='ocrx_word' id='word_1_449' title='bbox 1455 2101 1514 2133; x_wconf 84' lang='lat' dir='ltr'><strong>mit</strong></span> <span class='ocrx_word' id='word_1_450' title='bbox 1530 2101 1597 2133; x_wconf 88' lang='lat' dir='ltr'><strong>ihm</strong></span> 
     </span>
     <span class='ocr_line' id='line_1_71' title="bbox 931 2145 1597 2188; baseline -0.003 -9"><span class='ocrx_word' id='word_1_451' title='bbox 931 2148 1327 2188; x_wconf 81' lang='lat' dir='ltr'><strong>zusammengekommen,</strong></span> <span class='ocrx_word' id='word_1_452' title='bbox 1367 2147 1434 2188; x_wconf 83' lang='lat' dir='ltr'><strong>vgl.</strong></span> <span class='ocrx_word' id='word_1_453' title='bbox 1475 2145 1597 2178; x_wconf 87' lang='lat' dir='ltr'><strong>Nissen</strong></span> 
     </span>
     <span class='ocr_line' id='line_1_72' title="bbox 935 2191 1595 2235; baseline -0.003 -11"><span class='ocrx_word' id='word_1_454' title='bbox 935 2194 1007 2224; x_wconf 83' lang='lat'><strong>152.</strong></span> <span class='ocrx_word' id='word_1_455' title='bbox 1025 2212 1067 2216; x_wconf 84' lang='lat'><strong>—</strong></span> <span class='ocrx_word' id='word_1_456' title='bbox 1085 2193 1143 2235; x_wconf 63' lang='lat' dir='ltr'><strong>fil„</strong></span> <span class='ocrx_word' id='word_1_457' title='bbox 1161 2204 1187 2224; x_wconf 80' lang='lat' dir='ltr'><strong>c.</strong></span> <span class='ocrx_word' id='word_1_458' title='bbox 1210 2193 1261 2224; x_wconf 77' lang='lat'><strong>19.</strong></span> <span class='ocrx_word' id='word_1_459' title='bbox 1279 2212 1319 2215; x_wconf 87' lang='lat'><em>-</em></span> <span class='ocrx_word' id='word_1_460' title='bbox 1340 2192 1519 2234; x_wconf 80' lang='lat' dir='ltr'><strong>Daphnen,</strong></span> <span class='ocrx_word' id='word_1_461' title='bbox 1543 2191 1595 2223; x_wconf 89' lang='lat' dir='ltr'><strong>e&#39;in</strong></span> 
     </span>
     <span class='ocr_line' id='line_1_73' title="bbox 932 2236 1596 2277; baseline -0.002 -8"><span class='ocrx_word' id='word_1_462' title='bbox 932 2238 1013 2269; x_wconf 86' lang='lat' dir='ltr'><strong>llain</strong></span> <span class='ocrx_word' id='word_1_463' title='bbox 1029 2239 1058 2269; x_wconf 92' lang='lat' dir='ltr'><strong>in</strong></span> <span class='ocrx_word' id='word_1_464' title='bbox 1077 2239 1135 2270; x_wconf 85' lang='lat' dir='ltr'><strong>der</strong></span> <span class='ocrx_word' id='word_1_465' title='bbox 1148 2238 1239 2270; x_wconf 68' lang='lat' dir='ltr'><strong>N‘zihe</strong></span> <span class='ocrx_word' id='word_1_466' title='bbox 1256 2249 1319 2268; x_wconf 89' lang='lat' dir='ltr'><strong>von</strong></span> <span class='ocrx_word' id='word_1_467' title='bbox 1335 2236 1519 2277; x_wconf 79' lang='lat' dir='ltr'><strong>Antiochia,</strong></span> <span class='ocrx_word' id='word_1_468' title='bbox 1537 2236 1596 2268; x_wconf 81' lang='lat' dir='ltr'><strong>da-</strong></span> 
     </span>
     <span class='ocr_line' id='line_1_74' title="bbox 931 2281 1596 2314; baseline -0.003 0"><span class='ocrx_word' id='word_1_469' title='bbox 931 2284 991 2314; x_wconf 71' lang='lat' dir='ltr'><strong>her</strong></span> <span class='ocrx_word' id='word_1_470' title='bbox 1014 2284 1086 2314; x_wconf 76' lang='lat' dir='ltr'><strong>eine</strong></span> <span class='ocrx_word' id='word_1_471' title='bbox 1110 2294 1162 2314; x_wconf 83' lang='lat' dir='ltr'><strong>uin</strong></span> <span class='ocrx_word' id='word_1_472' title='bbox 1187 2283 1361 2314; x_wconf 80' lang='lat' dir='ltr'><strong>denselben</strong></span> <span class='ocrx_word' id='word_1_473' title='bbox 1380 2281 1596 2313; x_wconf 83' lang='lat' dir='ltr'><strong>entstandene</strong></span> 
     </span>
     <span class='ocr_line' id='line_1_75' title="bbox 930 2325 1595 2370; baseline -0.006 -10"><span class='ocrx_word' id='word_1_474' title='bbox 930 2329 1092 2360; x_wconf 72' lang='lat' dir='ltr'><strong>Vorstadt</strong></span> <span class='ocrx_word' id='word_1_475' title='bbox 1114 2328 1319 2370; x_wconf 80' lang='lat' dir='ltr'><strong>Epidaphne,</strong></span> <span class='ocrx_word' id='word_1_476' title='bbox 1349 2326 1427 2358; x_wconf 82' lang='lat' dir='ltr'><strong>Tac.</strong></span> <span class='ocrx_word' id='word_1_477' title='bbox 1453 2325 1538 2357; x_wconf 92' lang='lat' dir='ltr'><strong>Ann.</strong></span> <span class='ocrx_word' id='word_1_478' title='bbox 1563 2326 1595 2366; x_wconf 89' lang='grc'>2,</span> 
     </span>
     <span class='ocr_line' id='line_1_76' title="bbox 931 2371 1594 2415; baseline -0.003 -11"><span class='ocrx_word' id='word_1_479' title='bbox 931 2373 989 2411; x_wconf 68' lang='grc'><strong>83,</strong></span> <span class='ocrx_word' id='word_1_480' title='bbox 1009 2374 1090 2405; x_wconf 84' lang='lat' dir='ltr'><strong>iiber</strong></span> <span class='ocrx_word' id='word_1_481' title='bbox 1108 2374 1160 2404; x_wconf 75' lang='lat' dir='ltr'><strong>dit·</strong></span> <span class='ocrx_word' id='word_1_482' title='bbox 1180 2373 1288 2415; x_wconf 81' lang='lat' dir='ltr'><strong>Spiele</strong></span> <span class='ocrx_word' id='word_1_483' title='bbox 1306 2371 1422 2415; x_wconf 78' lang='lat' dir='ltr'><strong>Polyb.</strong></span> <span class='ocrx_word' id='word_1_484' title='bbox 1440 2371 1492 2410; x_wconf 87' lang='lat'><strong>31,</strong></span> <span class='ocrx_word' id='word_1_485' title='bbox 1507 2371 1537 2402; x_wconf 88' lang='lat'><strong>3.</strong></span> <span class='ocrx_word' id='word_1_486' title='bbox 1551 2389 1594 2393; x_wconf 83' lang='lat'><strong>——</strong></span> 
     </span>
     <span class='ocr_line' id='line_1_77' title="bbox 930 2414 1595 2460; baseline -0.006 -10"><span class='ocrx_word' id='word_1_487' title='bbox 930 2418 1065 2460; x_wconf 73' lang='lat' dir='ltr'><strong>Ephesi,</strong></span> <span class='ocrx_word' id='word_1_488' title='bbox 1085 2419 1164 2450; x_wconf 82' lang='lat' dir='ltr'><strong>nach</strong></span> <span class='ocrx_word' id='word_1_489' title='bbox 1178 2417 1306 2460; x_wconf 83' lang='lat' dir='ltr'><strong>Appian</strong></span> <span class='ocrx_word' id='word_1_490' title='bbox 1323 2418 1344 2448; x_wconf 86' lang='lat' dir='ltr'><strong>l.</strong></span> <span class='ocrx_word' id='word_1_491' title='bbox 1362 2417 1384 2448; x_wconf 93' lang='lat' dir='ltr'><strong>l.</strong></span> <span class='ocrx_word' id='word_1_492' title='bbox 1402 2417 1460 2447; x_wconf 83' lang='lat' dir='ltr'><strong>hat</strong></span> <span class='ocrx_word' id='word_1_493' title='bbox 1476 2426 1514 2447; x_wconf 91' lang='lat' dir='ltr'><strong>er</strong></span> <span class='ocrx_word' id='word_1_494' title='bbox 1526 2414 1595 2446; x_wconf 84' lang='lat' dir='ltr'><strong>An-</strong></span> 
     </span>
     <span class='ocr_line' id='line_1_78' title="bbox 929 2460 1595 2495; baseline -0.005 -1"><span class='ocrx_word' id='word_1_495' title='bbox 929 2464 1059 2495; x_wconf 86' lang='lat' dir='ltr'><strong>tiochus</strong></span> <span class='ocrx_word' id='word_1_496' title='bbox 1077 2462 1136 2494; x_wconf 84' lang='lat' dir='ltr'><strong>auf</strong></span> <span class='ocrx_word' id='word_1_497' title='bbox 1149 2464 1208 2494; x_wconf 90' lang='lat' dir='ltr'><strong>der</strong></span> <span class='ocrx_word' id='word_1_498' title='bbox 1224 2473 1289 2493; x_wconf 86' lang='lat' dir='ltr'><strong>von</strong></span> <span class='ocrx_word' id='word_1_499' title='bbox 1304 2461 1340 2492; x_wconf 93' lang='lat' dir='ltr'><strong>L.</strong></span> <span class='ocrx_word' id='word_1_500' title='bbox 1360 2473 1386 2493; x_wconf 81' lang='lat' dir='ltr'><strong>c.</strong></span> <span class='ocrx_word' id='word_1_501' title='bbox 1403 2462 1442 2492; x_wconf 90' lang='grc'><strong>41</strong></span> <span class='ocrx_word' id='word_1_502' title='bbox 1463 2460 1595 2492; x_wconf 71' lang='lat' dir='ltr'><strong>erziihl-</strong></span> 
     </span>
     <span class='ocr_line' id='line_1_79' title="bbox 930 2506 1594 2546; baseline -0.005 -7"><span class='ocrx_word' id='word_1_503' title='bbox 930 2513 983 2539; x_wconf 89' lang='lat' dir='ltr'><strong>ten</strong></span> <span class='ocrx_word' id='word_1_504' title='bbox 995 2507 1176 2540; x_wconf 81' lang='lat' dir='ltr'><strong>Riickfahrt</strong></span> <span class='ocrx_word' id='word_1_505' title='bbox 1185 2507 1347 2546; x_wconf 67' lang='lat' dir='ltr'><strong>erreirht,</strong></span> <span class='ocrx_word' id='word_1_506' title='bbox 1361 2506 1441 2538; x_wconf 76' lang='lat' dir='ltr'><strong>eben</strong></span> <span class='ocrx_word' id='word_1_507' title='bbox 1455 2516 1492 2537; x_wconf 91' lang='lat' dir='ltr'><strong>so</strong></span> <span class='ocrx_word' id='word_1_508' title='bbox 1507 2510 1594 2537; x_wconf 79' lang='lat' dir='ltr'><strong>setzt</strong></span> 
     </span>
     <span class='ocr_line' id='line_1_80' title="bbox 932 2549 1592 2585; baseline -0.008 0"><span class='ocrx_word' id='word_1_509' title='bbox 932 2554 1053 2585; x_wconf 84' lang='lat' dir='ltr'><strong>Cornel</strong></span> <span class='ocrx_word' id='word_1_510' title='bbox 1078 2554 1097 2585; x_wconf 91' lang='grc'><strong>1.</strong></span> <span class='ocrx_word' id='word_1_511' title='bbox 1125 2554 1146 2585; x_wconf 91' lang='grc'><strong>1.</strong></span> <span class='ocrx_word' id='word_1_512' title='bbox 1171 2553 1224 2584; x_wconf 85' lang='lat' dir='ltr'><strong>die</strong></span> <span class='ocrx_word' id='word_1_513' title='bbox 1246 2552 1365 2583; x_wconf 84' lang='lat' dir='ltr'><strong>Flueht</strong></span> <span class='ocrx_word' id='word_1_514' title='bbox 1387 2549 1442 2582; x_wconf 83' lang='lat' dir='ltr'><strong>H&#39;s</strong></span> <span class='ocrx_word' id='word_1_515' title='bbox 1471 2551 1505 2582; x_wconf 88' lang='lat' dir='ltr'><strong>in</strong></span> <span class='ocrx_word' id='word_1_516' title='bbox 1533 2551 1592 2581; x_wconf 86' lang='lat' dir='ltr'><strong>das</strong></span> 
     </span>
    </p>
   </div>
   <div class='ocr_carea' id='block_1_12' title="bbox 1688 0 1715 2723">
    <p class='ocr_par' dir='ltr' id='par_1_15' title="bbox 1688 0 1715 2723">
     <span class='ocr_line' id='line_1_81' title="bbox 1688 0 1715 2723; baseline 0 0"><span class='ocrx_word' id='word_1_517' title='bbox 1688 0 1715 2723; x_wconf 95' lang='lat' dir='ltr'><strong> </strong></span> 
     </span>
    </p>
   </div>
  </div>
 </body>
</html>
