1715 2723
149 898 201 936 51

226 119 306 160 344

645 116 769 150 LIBER
786 117 947 151 XXXIV.
973 117 1064 150 CAP.
1083 118 1137 150 50.
1153 118 1206 150 51.

1477 134 1503 150 a.
1516 133 1545 153 n.
1560 127 1621 153 560.

178 226 195 257 7
223 223 319 264 buit.
360 220 465 259 adice
486 231 590 259 nunc
610 232 681 272 pro
700 220 896 273 portione,
926 225 1022 273 quot
1043 219 1247 260 verisimile
1273 221 1324 261 sit
1344 222 1540 262 Graeciam
1560 227 1624 263 to-

224 286 304 320 tam
324 276 516 316 habuisse.

337 333 519 373 Nondum
549 337 762 371 conventus
791 332 974 372 dimissus
1013 338 1110 378 erat,
1140 345 1229 372 cum
1249 334 1459 384 respiciunt
1478 335 1624 386 praesi-

226 392 333 431 dium
354 390 402 429 ab
422 389 701 428 Acrocorintho
723 389 959 429 descendens
980 389 1156 441 protinus
1173 390 1260 429 duci
1281 390 1327 429 ad
1343 396 1494 442 portam
1512 396 1628 443 atque

176 448 196 480 9
225 448 341 488 abire.
382 459 551 498 quorum
572 457 711 497 agmen
730 446 940 497 imperator
954 452 1110 485 secutus
1127 447 1449 498 prosequentibus
1465 448 1626 494 cunctis,

226 508 463 544 servatorem
484 503 807 554 liberatoremque
836 503 1151 548 acclamantibus,
1182 503 1353 542 salutatis
1383 504 1628 555 dimissisque

157 560 196 593 10
225 562 271 602 iis
293 560 447 606 eadem,
477 572 551 610 qua
571 565 747 603 venerat,
774 559 832 598 via
857 560 1020 598 Elatiam
1047 559 1171 598 rediit.
1212 559 1300 598 inde
1329 572 1417 599 eum
1448 560 1628 599 omnibus

226 618 347 669 copiis
367 618 436 667 Ap.
460 616 659 655 Claudium
681 616 846 667 legatum
865 616 1034 654 dimittit.
1068 628 1134 667 per
1154 616 1388 655 Thessaliam
1405 621 1521 668 atque
1537 616 1628 668 Epi-

157 676 195 708 11
225 687 315 714 rum
355 674 494 712 ducere
515 672 671 711 Oricum
693 672 799 710 iubet
819 678 932 723 atque
954 685 993 711 se
1015 671 1066 710 ibi
1088 672 1274 723 opperirI:
1296 673 1386 711 inde
1406 684 1574 724 namque
1590 673 1629 712 in

227 731 357 770 animo
386 742 469 768 esse
496 729 708 767 exercitum
737 728 777 766 in
797 728 943 767 ltaliam
971 729 1144 767 traicere.
1184 734 1223 767 et
1243 729 1284 768 L.
1308 729 1487 776 Quinctio
1507 729 1629 775 fratri,

225 788 350 838 legato
371 791 410 824 et
430 785 624 836 praefecto
647 784 790 830 elassis,
811 784 954 830 scribit,
977 789 1021 823 ut
1043 785 1237 823 onerarias
1258 799 1304 824 ex
1325 786 1431 824 omni
1453 785 1631 825 Graeciae

228 856 295 882 ora
316 842 451 882 eodem
474 840 730 879 contraheret.

338 899 424 950 Ipse
451 897 671 936 Chalcidem
698 896 914 947 profectus,
950 895 1123 934 deductis
1144 907 1225 934 non
1252 908 1272 934 a
1300 895 1476 935 Chalcide
1504 897 1630 935 solum

228 955 294 994 sed
315 956 431 994 etiam
454 953 499 992 ab
516 953 617 992 Oreo
639 957 754 1003 atque
771 953 916 991 Eretria
936 952 1147 1004 praesidiis,
1170 958 1400 991 conventum
1419 953 1471 991 ibi
1487 953 1632 992 Euboi-

179 1016 198 1047 2
229 1024 360 1052 carum
379 1010 513 1049 habuit
530 1009 754 1055 civitatium,
776 1009 1085 1060 admonitosque,
1107 1009 1145 1047 in
1163 1021 1239 1060 quo
1256 1014 1360 1048 statu
1376 1021 1507 1048 rerum
1524 1022 1633 1049 acce-

179 1073 198 1104 3
226 1069 347 1121 pisset
368 1079 434 1106 eos
455 1072 494 1105 et
509 1066 549 1104 in
570 1079 647 1118 quo
666 1066 912 1116 relinqueret,
933 1065 1090 1104 dimisit.
1130 1065 1412 1104 Demetriadem
1433 1066 1521 1105 inde
1541 1078 1632 1118 pro-

179 1129 200 1160 4
228 1125 428 1170 ficiscitur3
451 1123 693 1173 deductoque
714 1122 904 1174 praesidio
922 1122 1247 1173 prosequentibus
1264 1122 1423 1169 cunctis,
1445 1122 1543 1161 sicut
1559 1123 1633 1161 Co-

227 1181 347 1220 rinthi
375 1185 413 1219 et
443 1179 638 1225 Chalcide,
670 1179 794 1230 pergit
822 1179 878 1217 ire
898 1178 938 1216 in
958 1178 1207 1224 Thessaliam,
1230 1178 1295 1217 ubi
1316 1191 1396 1217 non
1417 1178 1634 1218 liberandae

229 1237 346 1277 modo
367 1236 541 1276 civitates
562 1241 683 1281 erant,
706 1235 773 1273 sed
794 1248 840 1273 ex
857 1234 963 1273 omni
980 1235 1194 1274 colluvione
1210 1240 1248 1273 et
1265 1235 1493 1274 confusione
1510 1235 1549 1273 in
1565 1234 1634 1273 ali-

181 1301 200 1332 5
230 1306 346 1346 quam
363 1292 600 1332 tolerabilem
618 1292 782 1331 formam
800 1291 1040 1342 redigendae.
1070 1303 1141 1329 nec
1156 1291 1260 1330 enim
1276 1297 1499 1343 temporum
1518 1291 1635 1330 modo

228 1351 328 1390 vitiis
350 1362 393 1388 ac
414 1349 590 1388 violentia
606 1354 644 1387 et
660 1348 812 1388 licentia
830 1348 930 1399 regia
945 1347 1088 1386 turbati
1105 1352 1224 1394 erant,
1247 1347 1313 1386 sed
1330 1347 1503 1399 inquieto
1521 1348 1635 1386 etiam

228 1406 382 1458 ingenio
406 1405 547 1457 gentis,
576 1417 648 1444 nec
669 1405 822 1444 comitia
844 1416 915 1444 nec
936 1409 1170 1443 conventum
1192 1416 1263 1443 nec
1285 1404 1491 1443 concilium
1512 1404 1634 1443 ullum

230 1509 412 1541 servientia
463 1508 665 1539 restituerat
716 1506 898 1546 (Flamini-

229 1554 318 1593 nus).
340 1571 385 1576 --
407 1553 555 1592 Achaia,
584 1551 670 1583 Plut.
697 1549 735 1583 ἐν
758 1552 800 1594 τῇ
820 1548 898 1583 Ἑλ-

232 1598 330 1638 λάδι,
354 1607 515 1639 ungenau‚
542 1597 592 1629 od.
606 1593 730 1632 Ἑλλάς
752 1596 796 1628 ist
816 1597 898 1627 nach

231 1644 391 1686 Sp'ziteren
410 1642 463 1674 fiir
482 1642 603 1674 Achaia
621 1645 747 1683 gesagt,
770 1642 897 1673 Schorn

232 1689 314 1729 2683
342 1687 439 1720 Ruhn
463 1688 497 1729 2,
529 1688 559 1719 2.
589 1706 633 1710 —
657 1697 722 1730 pro
741 1689 845 1730 port..
867 1687 897 1727 7,

233 1736 262 1775 1,
280 1734 310 1766 8.

278 1779 386 1811 8-11.
421 1779 550 1820 respic,
570 1778 619 1809 als
638 1778 685 1809 sie
704 1777 774 1808 sich
791 1786 900 1808 umsa-

231 1825 305 1864 hen,
324 1823 509 1855 erblickten
527 1822 587 1853 sie.
608 1841 649 1845 —
670 1833 802 1864 proseq.
819 1821 899 1853 acet.

231 1870 290 1901 hat
321 1869 391 1900 sich
416 1879 457 1900 an
485 1869 638 1908 secutus,
669 1868 815 1908 dagegcn
843 1877 900 1898 sa-

232 1915 292 1946 lut.
320 1932 343 1936 —
369 1915 413 1944 iis
441 1924 481 1944 an
506 1912 607 1944 rediit
623 1913 898 1953 'angeschlossem

233 1958 430 1992 schwerlich
446 1958 490 1989 ist
509 1969 550 1988 zu
565 1961 703 1989 secutas
717 1968 758 1989 zu
771 1958 899 1988 denken

233 2007 286 2037 est
303 2004 367 2035 und
386 2003 444 2034 mit
460 2003 619 2034 salutatis
636 2003 686 2034 ein
706 2013 806 2034 ncuer
820 2002 899 2034 Satz

233 2060 274 2081 zu
296 2049 476 2090 bcginnen3
501 2048 583 2079 iiber
602 2048 653 2079 die
672 2047 822 2088 Hiiul'ung
839 2048 899 2079 der

232 2094 390 2126 Ablative
408 2104 434 2125 S.
453 2103 480 2124 c.
500 2093 530 2133 8,
548 2090 619 2128 4f.;
644 2093 698 2130 31,
720 2094 768 2129 10,
788 2095 824 2126 ὃς
845 2093 899 2132 32,

235 2140 289 2180 26,
311 2140 367 2179 123
383 2138 465 2170 iiber
481 2138 532 2169 die
548 2136 734 2169 Gleichheit
748 2138 807 2169 der
820 2137 899 2169 Pcr-

233 2183 896 2217 sonenindenverschiedenenabll.abss.

235 2230 294 2271 31,
318 2230 354 2268 2,
378 2230 415 2267 6;
441 2229 499 2270 44,
523 2229 553 2268 2,
572 2229 608 2268 53
631 2228 689 2268 27,
714 2229 750 2265 5,
775 2228 793 2266 (5
818 2239 847 2259 u.
867 2238 896 2258 a.

245 2294 278 2298 —
303 2274 448 2313 Oricum,
474 2284 500 2305 s.
526 2274 579 2313 2⁴,
601 2273 654 2304 40.
678 2290 720 2295 -—
741 2273 852 2314 leg-ato
869 2284 898 2304 e.

231 2331 299 2363 pr„
322 2320 372 2351 als
395 2319 499 2359 Legat
521 2328 594 2349 war
615 2328 652 2349 er
673 2317 840 2356 Admiral,
869 2328 897 2349 s.

236 2366 290 2404 32,
318 2365 367 2406 16,
392 2365 421 2396 2.
441 2383 484 2387 ——
500 2374 546 2395 eoe
562 2373 623 2403 or.,
646 2363 710 2394 wie
734 2373 760 2393 c.
782 2364 836 2401 36,
860 2364 897 2400 3;

235 2410 302 2450 vgl.
330 2421 356 2441 c.
376 2409 405 2444 8,
431 2411 468 2449 53
492 2409 546 2448 38,
570 2410 622 2447 40,
641 2409 659 2437 3
678 2418 708 2439 u.
727 2418 776 2447 a,
800 2408 899 2448 dage-

236 2465 297 2495 gen
316 2455 368 2494 29,
388 2454 441 2495 24,
461 2455 495 2486 S:
514 2456 643 2487 circum
659 2463 755 2485 oram
766 2454 901 2485 mariti-

234 2510 337 2531 mam.

283 2539 351 2576 51.
387 2545 470 2575 1-4.
508 2543 592 2576 Oreo
614 2554 647 2575 a.
672 2542 777 2583 Erat„
802 2553 829 2574 s.
848 2542 900 2583 33,

970 1505 1024 1543 31,
1042 1505 1073 1536 3.
1094 1523 1136 1527 -
1152 1508 1356 1543 conventum,
1376 1506 1448 1537 einc
1461 1505 1634 1537 bleibende

973 1550 1184 1591 Vcrbinduug
1213 1551 1272 1582 der
1298 1550 1494 1582 eubb'ischen
1519 1550 1635 1582 Stiidte

971 1594 1141 1637 (κοινόν),
1164 1595 1228 1627 wic
1251 1596 1300 1627 sie
1323 1596 1437 1638 spater
1455 1596 1634 1627 bestanden

972 1651 1012 1672 zu
1034 1640 1138 1672 haben
1161 1641 1304 1682 scheint‚
1327 1641 1387 1680 ist,
1411 1641 1560 1682 obglcich
1581 1640 1634 1680 33,

972 1686 1032 1725 32,
1067 1687 1085 1717 ἵ)
1115 1686 1250 1717 Euboea
1280 1686 1461 1718 besonders
1493 1690 1637 1727 genannt

973 1731 1037 1762 und
1066 1730 1195 1762 Chalcis
1218 1732 1269 1762 als
1295 1731 1458 1773 Hauptort
1485 1731 1636 1763 bezeich-

974 1781 1028 1807 net
1045 1777 1139 1817 wird,
1163 1787 1189 1808 s.
1214 1776 1266 1816 35,
1292 1778 1346 1816 5»,
1374 1778 1423 1816 10,
1447 1777 1513 1808 wol
1536 1775 1638 1808 damit

973 1821 1062 1852 nieht
1079 1822 1235 1862 geincint,
1259 1831 1285 1852 s.
1303 1821 1490 1862 Hertzberg
1514 1823 1541 1861 1,
1563 1821 1634 1852 108.

973 1885 1013 1889 —
1044 1868 1077 1897 in
1107 1876 1168 1907 quo
1193 1869 1302 1907 statu,
1332 1877 1396 1897 von
1414 1866 1497 1897 Phil.
1522 1870 1636 1898 unter-

972 1911 1109 1951 driickt,
1139 1911 1206 1952 vgl.
1231 1911 1352 1952 jcdoch
1378 1912 1430 1953 31,
1460 1911 1513 1950 23,
1539 1912 1569 1942 2.
1592 1929 1636 1933 -—

972 1956 1113 1988 deducto
1128 1966 1181 1999 pr.
1199 1966 1265 1999 pr„
1282 1956 1347 1997 vgl.
1366 1966 1394 1987 c.
1414 1958 1467 1995 50,
1485 1958 1516 1987 ὃ.
1533 1974 1577 1978 -
1596 1955 1637 1987 Ιί-

971 2001 1148 2042 berandae,
1162 2001 1437 2033 wahrscheinlich
1451 2002 1543 2032 hatte
1550 2000 1634 2032 Phil.

972 2048 1072 2078 sehon
1105 2047 1201 2087 lange
1234 2047 1323 2078 seine
1358 2046 1544 2086 Besatzung
1578 2056 1635 2077 zu-

971 2092 1211 2132 riickgczogen.
1244 2110 1289 2114 —
1320 2091 1447 2131 collau,
1484 2091 1635 2123 Verwir-

971 2148 1065 2177 rung,
1081 2139 1147 2175 s..3,
1165 2137 1215 2178 11,
1229 2138 1259 2168 5.
1275 2155 1312 2159 ——
1329 2137 1492 2179 formam,
1507 2135 1635 2168 Staats-

970 2181 1181 2221 versassung,
1200 2182 1379 2214 πολιτεία.

1017 2227 1090 2258 5-6.
1106 2230 1247 2270 tempor.
1263 2231 1339 2268 etc„
1352 2226 1417 2268 vgl.
1429 2226 1482 2266 21,
1495 2225 1634 2267 18‚2.-

972 2272 1044 2303 υἱοί.
1061 2275 1095 2303 et
1111 2271 1176 2305 Ilo.
1195 2282 1220 2303 s.
1236 2272 1291 2311 4¹³,
1310 2272 1340 2303 2.
1355 2290 1397 2294 -—
1410 2272 1546 2302 comitia
1558 2280 1635 2301 con-

970 2320 1056 2349 vent.
1076 2317 1202 2356 conell„
1220 2317 1281 2348 soll
1294 2316 1372 2357 jede
1391 2318 1454 2348 Art
1471 2326 1532 2347 von
1547 2315 1633 2347 Ver-

971 2362 1168 2402 sammlung:
1186 2362 1368 2402 gesetzlich
1386 2361 1466 2392 oder
1483 2360 1635 2392 willkiir-

970 2408 1038 2439 lich
1060 2408 1299 2448 angeordnete,
1327 2416 1399 2438 zum
1420 2405 1635 2445 Abstinuncn,

971 2453 1151 2492 Bet-athen,
1182 2452 1294 2483 Hiiren
1322 2451 1480 2483 berul'enc
1507 2460 1636 2482 zusam-

971 2497 1168 2539 mcnsassen,
1189 2497 1256 2538 vgl.
1275 2507 1303 2528 c.
1323 2497 1353 2534 2,
1376 2496 1433 2535 113
1454 2496 1509 2535 31,
1526 2496 1580 2535 29,
1598 2495 1634 2534 8;

972 2543 1012 2582 9;
1041 2543 1072 2583 2,
1101 2543 1156 2583 28,
1184 2543 1215 2574 4.
1240 2559 1284 2566 --
1304 2541 1411 2574 ullum
1432 2551 1548 2582 wcgcn
1563 2549 1634 2581 nec,
