1715 2723
192 155 269 195 118

641 148 767 182 LIBER
783 148 927 182 XXXIl.
953 147 1048 180 CAP.
1068 147 1120 179 10.

1449 165 1475 181 u.
1492 164 1518 182 u.
1533 157 1594 183 556.

300 253 390 292 Inde
412 265 500 303 spes
532 251 620 290 data
641 251 819 302 Philippo
847 255 906 289 est
926 262 997 301 per
1016 249 1267 301 Epirotarum
1289 254 1445 301 gentem
1464 255 1596 303 temp-

139 319 158 350 2
188 310 327 349 tandae
355 309 483 359 pacis3
514 307 723 358 habitoque
751 307 911 346 concilio
939 305 1076 345 delecti
1102 305 1148 344 ad
1176 318 1263 344 eam
1293 317 1377 345 rem
1408 307 1595 358 agendam

187 365 396 405 Pausanias
419 369 576 415 praetor
603 368 641 402 et
668 363 882 402 Alexander
910 362 1094 413 magister
1121 362 1299 413 equitum
1328 364 1529 402 consulem
1556 369 1596 402 et

187 433 330 472 regem,
351 420 419 459 ubi
439 420 479 459 in
500 420 712 459 artissimas
728 420 830 471 ripas
847 419 952 458 Aous
969 418 1119 469 cogitur
1135 419 1271 465 amnis,
1290 419 1329 457 in
1345 418 1596 469 conloquium

139 488 157 519 3
187 478 442 517 adduxerunt.
493 489 647 515 summa
682 477 968 527 postulatorum
1005 475 1173 514 consulis
1201 479 1302 513 erat:
1332 474 1521 526 praesidia
1550 488 1596 514 ex

186 533 405 573 civitatibus
425 545 493 572 rex
515 533 741 579 deduceret,
763 532 822 579 iis,
846 543 1012 583 quorum
1034 541 1146 581 agros
1167 531 1361 581 urbesque
1381 530 1594 581 populatus

187 594 309 637 esset3
329 589 508 628 redderet
528 602 602 635 res,
625 602 723 640 quae
746 592 1035 640 comparerent·⁷
1059 592 1278 626 ceterorum
1294 599 1417 637 aequo
1435 587 1594 626 arbitrio

138 654 158 685 4
186 646 402 685 aestimatio
424 646 544 684 ficret.
585 645 785 696 Philippus
814 645 926 683 aliam
958 644 1120 683 aliarum
1147 643 1360 682 civitatium
1396 642 1594 682 condicio-

187 713 279 740 nem
300 715 383 741 esse
410 701 630 752 respondit:
662 714 755 752 quas
783 701 864 752 ipse
893 701 1074 751 cepisset,
1099 712 1161 738 eas
1191 700 1467 746 liberaturum-3
1498 711 1595 750 quae

187 758 259 797 sibi
278 758 438 797 traditae
461 771 482 797 a
503 757 714 796 maioribus
737 762 882 803 essent,
910 768 1044 795 earum
1064 755 1293 794 hereditaria
1315 768 1358 794 ac
1378 755 1479 794 iusta
1498 768 1592 806 pos-

139 825 157 855 5
187 814 359 853 sessione
380 826 462 852 non
489 826 753 853 excessurum.
796 813 827 851 si
853 825 947 864 quas
977 816 1233 863 quererentur
1254 812 1345 850 belli
1375 812 1500 850 clades
1528 824 1595 850 eae

187 870 368 916 civitates,
391 883 480 909 cum
503 870 641 920 quibus
662 869 847 908 bellatum
867 869 981 914 foret,
1003 868 1146 907 arbitro
1169 880 1246 918 quo
1266 868 1407 906 vellent
1427 867 1597 918 populo-

140 937 159 967 6
186 939 294 971 rum,
318 939 404 964 cum
429 926 569 977 quihus
590 938 663 976 pax
684 925 857 975 utrisque
878 925 1036 969 fuisset,
1067 936 1107 962 se
1125 936 1302 962 usurum.
1343 924 1480 962 consul
1499 923 1595 961 nihil

185 983 233 1021 ad
254 982 290 1020 id
314 982 471 1033 quidem
487 982 632 1020 arbitro
654 986 720 1019 aut
741 981 863 1019 iudice
886 992 983 1030 opus
1006 991 1089 1017 esse
1111 979 1260 1017 dicere:
1292 979 1352 1017 cui
1383 979 1487 1017 enim
1514 990 1596 1017 non

185 1050 370 1089 apparere
391 1038 438 1076 ab
459 1051 517 1083 eo,
541 1038 605 1089 qui
629 1037 734 1088 prior
757 1048 864 1076 arma
890 1035 1103 1081 intulisset,
1130 1035 1311 1074 iniuriam
1341 1032 1498 1073 ortam?
1523 1046 1596 1074 nec

186 1139 248 1160 vor
265 1129 337 1160 (lein
354 1129 398 1159 im
416 1128 510 1168 Folg.
528 1127 720 1159 Erziihltcn.

231 1196 262 1227 2.
294 1195 437 1238 Epo-ot„
456 1206 482 1227 s,
503 1196 556 1233 31,
576 1196 603 1236 7,
623 1195 654 1226 9.
669 1214 712 1217 -—
726 1194 853 1233 conell„

186 1241 245 1272 der
257 1240 429 1282 Epiroten,
448 1240 510 1271 wie
528 1240 701 1271 concilium
716 1240 853 1270 Aetolo-

186 1296 269 1327 rum,
291 1287 495 1317 Achaeorum
520 1296 551 1316 u.
569 1295 616 1324 a.‚
640 1295 680 1315 zu
704 1285 775 1315 dein
800 1284 852 1315 die

185 1330 444 1362 verschiedenen
468 1330 691 1371 epirotischen
710 1329 853 1361 Stiimme

186 1375 395 1417 Abgesandte
420 1375 608 1413 schickten,
635 1385 662 1405 s.
681 1375 733 1413 36,
758 1375 789 1413 5,
816 1375 851 1412 13

187 1421 240 1460 42,
259 1420 312 1458 38,
333 1421 361 1451 1.
381 1439 424 1443 —
439 1423 596 1462 praetor,
621 1419 791 1450 entweder
810 1418 854 1449 ist

186 1465 278 1496 einer
295 1465 355 1496 der
374 1465 426 1504 29,
446 1465 493 1503 12,
512 1464 548 1495 11
566 1464 756 1495 erwa'hnten
772 1463 853 1494 Prii-

185 1515 283 1542 toren
306 1521 347 1540 zu
370 1510 429 1541 der
450 1510 687 1549 Verhandlung
711 1508 855 1540 erwiihlt

186 1555 349 1595 (delecti),
374 1555 455 1586 oder
478 1554 529 1585 die
555 1554 715 1595 Epiroten
739 1554 853 1585 hatten

186 1601 229 1631 im
257 1598 380 1640 Fir-iege
409 1599 504 1630 einen
531 1599 718 1639 Strategen,
748 1609 774 1629 s.
801 1598 853 1637 31,

187 1646 242 1685 24,
262 1645 291 1686 6,
308 1645 367 1675 mit
384 1645 487 1675 einem
507 1644 709 1687 ἵππαρχος,
733 1644 794 1674 (len
814 1642 852 1673 L.

185 1691 353 1731 magister
381 1700 430 1730 eq.
459 1694 576 1727 neunt,
606 1688 673 1729 vgl.
700 1688 852 1730 Droysen

186 1734 306 1766 Gesclx.
331 1734 388 1765 des
410 1734 630 1765 Hellenismus
655 1733 686 1773 2,
710 1733 786 1764 432.
810 1752 854 1755 -—

185 1781 314 1819 artz‘ss,
343 1789 367 1810 s,
388 1789 415 1810 e.
435 1780 465 1818 5,
493 1779 542 1809 12.
573 1796 617 1801 ——
645 1779 781 1819 cog-itur
808 1779 854 1816 in,

185 1824 375 1865 eingeengt,
398 1823 693 1863 hineingedr'zingt,
716 1833 753 1853 so
778 1823 853 1854 dass

187 1880 224 1900 er
240 1869 406 1900 zwischen
424 1869 604 1900 denselben
621 1868 736 1899 ssicsst.

233 1934 261 1964 3.
298 1943 448 1973 summa,
479 1932 538 1964 der
562 1932 787 1974 Hauptinhalt.
810 1950 855 1955 —

186 1980 312 2010 civitat.
343 1982 424 2018 etc„
453 1977 650 2008 absichtlich
678 1976 855 2017 allgemein

188 2023 252 2055 und
280 2022 494 2054 unbestimmt
522 2022 693 2062 gehalten,
722 2031 776 2052 um
802 2021 853 2052 die

187 2068 464 2108 Ueberrasehung
491 2066 511 2108 ξ
537 2067 554 2097 7
584 2066 852 2105 vorzubereiten,

187 2113 256 2154 vgl.
274 2113 370 2144 Diod.
390 2112 442 2151 28,
468 2112 523 2142 12:
548 2110 626 2144 δεῖν
643 2131 664 2133 -
681 2110 854 2155 ἐκχωρεῖν

186 2156 336 2198 ἀπάσης
369 2158 431 2196 τῆς
458 2153 642 2191 Ἑλλάδος.
673 2174 716 2178 —-
748 2165 854 2197 agros

187 2204 274 2240 urb.,
292 2213 318 2234 s.
334 2214 360 2234 c.
376 2202 428 2241 33,
448 2201 477 2233 3,
493 2219 537 2224 -
550 2211 605 2232 res
619 2220 638 2223 -
651 2203 854 2241 ceterorum,

187 2247 340 2279 {ihnliche
370 2246 755 2286 Zusauunenstellungen
788 2256 854 2276 von

188 2302 243 2324 res
266 2293 331 2323 und
355 2292 426 2323 dem
450 2290 612 2322 Neutrum
637 2300 662 2321 s.
689 2301 717 2321 c.
737 2290 788 2329 29,
816 2291 853 2328 53

189 2338 220 2376 5,
241 2336 292 2375 16,
312 2338 346 2367 7;
368 2336 414 2367 ad
428 2335 677 2377 cognoscendas
694 2345 749 2366 ros
766 2354 786 2357 —
804 2336 856 2365 in-

188 2384 341 2423 cognitam
367 2382 420 2421 35,
447 2382 476 2421 1,
502 2381 558 2412 12:
581 2391 663 2412 suas
685 2390 740 2411 res
763 2399 785 2402 -
803 2391 854 2411 ce-

188 2429 281 2465 tera3
313 2427 380 2466 vgl.
414 2427 447 2464 1,
477 2426 536 2465 36,
567 2425 597 2456 6.
627 2443 671 2448 -
698 2425 854 2465 arbitrio,

189 2471 455 2512 Schiedsgericht
494 2470 598 2501 durch
629 2469 855 2512 Recuperato-

190 2525 265 2555 ren,
290 2517 371 2547 nach
387 2515 569 2547 romischer
585 2514 804 2555 Auffassung,
828 2526 854 2546 s.

188 2559 210 2601 ξ
228 2561 265 2599 63
291 2560 347 2602 38,
367 2560 423 2601 38,
454 2561 509 2599 173
535 2560 594 2601 26,
618 2560 677 2600 48,
703 2560 739 2599 83
760 2560 854 2592 Diod.

925 1128 1132 1168 κρίνεσθαι.

971 1171 1059 1201 4-5.
1091 1180 1113 1200 α
1132 1170 1304 1210 1ηαίονί1).,
1331 1169 1511 1200 besonders
1529 1179 1595 1200 von

927 1214 1114 1255 Antigones
1128 1215 1253 1246 Doson.
1271 1233 1315 1237 —
1329 1224 1477 1257 possess.
1495 1233 1516 1236 -
1533 1225 1594 1245 em—

925 1260 994 1291 eod.
1023 1264 1122 1291 statt:
1156 1261 1215 1300 ils,
1243 1269 1327 1301 quas
1350 1279 1369 1281 —
1395 1258 1595 1302 possideret,

925 1316 988 1336 ηοη
1009 1315 1136 1336 emcess.
1152 1323 1196 1328 —
1212 1306 1343 1336 arbitro
1357 1323 1378 1327 -
1388 1314 1479 1347 pop„
1499 1313 1594 1335 wenn

926 1350 978 1381 die
996 1349 1117 1381 Lesart
1141 1350 1282 1390 richtig,
1301 1349 1345 1380 ist
1358 1348 1513 1392 populor.
1537 1358 1595 1389 ge-

927 1395 983 1426 nit.
1008 1399 1093 1436 part.
1116 1409 1137 1420 z
1160 1404 1198 1425 eo
1222 1405 1267 1426 ειη
1285 1394 1421 1437 populis
1443 1395 1501 1435 iis,
1519 1404 1596 1426 cum

925 1440 1013 1481 quib.
1036 1458 1058 1462 -
1079 1440 1209 1471 arbitro
1234 1451 1268 1470 se
1292 1450 1355 1476 us„
1384 1449 1447 1480 quo
1478 1438 1596 1470 vellent

928 1496 958 1515 n.
982 1495 1018 1515 se
1041 1486 1102 1525 uti,
1131 1495 1157 1515 s,
1183 1495 1224 1514 zu
1242 1484 1295 1522 21,
1321 1484 1374 1521 26,
1394 1485 1430 1524 7,
1448 1484 1516 1524 vgl.
1541 1483 1596 1524 32,

928 1529 982 1568 29,
1015 1530 1051 1567 7;
1085 1529 1164 1560 iiber
1193 1529 1244 1559 die
1274 1527 1385 1559 Hiirze
1418 1528 1474 1559 des
1509 1529 1596 1559 Aus—

927 1573 1049 1605 drucks
1079 1584 1140 1615 quo
1170 1573 1239 1605 vell.
1270 1583 1297 1604 S.
1323 1573 1375 1613 24,
1399 1573 1451 1614 23,
1470 1573 1506 1604 7:
1532 1583 1596 1615 pa-

928 1620 1038 1650 ruisse
1056 1620 1197 1661 imperio
1215 1619 1304 1660 einr,
1329 1619 1425 1650 cuins
1448 1619 1597 1660 impera-

926 1666 982 1695 toz·
1010 1674 1094 1695 suns
1124 1663 1282 1701 voluerim
1313 1663 1365 1701 31,
1396 1663 1426 1703 3,
1458 1663 1496 1701 2;
1529 1662 1597 1694 Cic.
1654 1672 1658 1674 ’
1697 1644 1715 1668 ‘⁴

927 1708 1018 1739 Lael.
1048 1708 1098 1747 19,
1132 1708 1189 1739 68:
1221 1718 1318 1739 nemo
1352 1710 1418 1748 est,
1451 1709 1530 1748 quin
1560 1717 1595 1739 eo

927 1754 1046 1795 (equo),
1064 1763 1126 1794 qao
1144 1754 1325 1791 consuevit,
1345 1752 1503 1784 libentius
1519 1754 1597 1784 uta-

926 1801 995 1830 tur.
1021 1816 1066 1820 ——
1087 1798 1233 1840 fuisset,
1264 1807 1325 1828 vor
1354 1798 1426 1829 dem
1445 1795 1594 1838 Anfange

927 1843 984 1874 des
1004 1840 1158 1882 Rrieges.

974 1887 1061 1918 6-8.
1095 1888 1196 1918 arbit.
1226 1888 1287 1917 ant
1311 1886 1392 1926 iud„
1422 1886 1535 1917 Senec.
1555 1887 1594 1917 de

926 1930 1034 1963 benef.
1053 1932 1082 1971 3,
1108 1932 1138 1971 7,
1163 1932 1197 1962 5:
1221 1930 1341 1963 melior
1364 1930 1497 1962 videtur
1519 1941 1595 1962 con-

926 1976 1010 2008 dicio
1035 1987 1157 2008 causae
1182 1977 1302 2016 bonae,
1334 1977 1366 2006 si
1381 1975 1427 2007 ad
1440 1975 1595 2018 iadicem,

926 2032 1027 2063 quam
1043 2023 1075 2052 si
1089 2020 1135 2052 ad
1145 2021 1314 2052 arbitrum
1331 2022 1493 2061 mittitur,
1518 2023 1596 2062 quia

926 2066 1020 2098 illum
1052 2066 1206 2107 formula
1237 2065 1379 2097 includit
1410 2068 1443 2097 eb
1474 2068 1596 2104 certos,

926 2121 1008 2153 quos
1030 2121 1094 2142 non
1118 2110 1278 2148 eoecedat,
1304 2112 1468 2143 terminos
1488 2112 1596 2153 ponit,

925 2157 1028 2187 lulius
1043 2156 1150 2188 libera
1166 2159 1199 2187 et
1215 2155 1318 2187 millis
1339 2155 1507 2187 adstricta
1524 2157 1595 2187 vin—

926 2201 1011 2232 culis
1040 2201 1171 2243 religio,
1200 2203 1234 2232 et
1262 2200 1441 2233 detrahere
1469 2199 1599 2242 aliquid

923 2248 1037 2289 potest
1078 2249 1110 2277 et
1148 2245 1282 2277 adicere
1322 2248 1355 2277 et
1391 2247 1596 2277 sententiam

925 2301 1040 2331 snam,
1069 2301 1133 2322 non
1161 2293 1265 2334 prout
1291 2290 1349 2322 lem
1375 2292 1436 2321 aut
1463 2292 1597 2322 iustitia

926 2335 1064 2375 suadet,
1092 2335 1153 2367 sed
1176 2338 1280 2379 prout
1312 2335 1508 2367 humanitas
1535 2337 1596 2367 aut

925 2380 1162 2413 misericordia
1172 2380 1317 2423 impulit,
1331 2390 1468 2422 regere;
1486 2379 1595 2412 iudice

927 2426 972 2457 ist
995 2436 1035 2457 an
1058 2437 1089 2457 u.
1116 2426 1162 2457 St.
1193 2437 1255 2457 nur
1283 2423 1513 2466 hinzugefiigt,
1542 2435 1594 2456 um

923 2471 1001 2512 jede
1025 2470 1089 2502 Art
1114 2482 1179 2502 von
1200 2470 1447 2510 Entscheidung
1475 2480 1594 2501 auszu-

929 2516 1128 2555 schliessen,
1158 2516 1199 2546 da
1228 2515 1282 2547 ein
1306 2515 1405 2546 iudex
1425 2515 1513 2552 nicht
1535 2515 1594 2546 be—

928 2561 1026 2601 gehrt
1050 2570 1136 2601 war,
1160 2560 1227 2601 vgl.
1246 2561 1277 2600 9,
1304 2560 1331 2598 l,
1351 2560 1382 2592 7.
1400 2578 1444 2583 —
1459 2560 1501 2591 ab
1518 2569 1555 2592 eo
1574 2578 1595 2582 -
