1715 2723
136 79 162 97 a.
183 69 234 97 Ch.
255 69 312 96 191.
601 69 727 103 LIBER
754 70 918 105 xxxvl.
955 70 1047 103 CAP.
1074 72 1104 105 9.
1477 69 1556 111 101

141 186 229 213 cum
252 172 491 223 disceptaret.
536 172 674 212 eodem
691 179 868 224 tempore
892 173 1125 224 quingentos
1148 178 1316 212 armatos
1339 171 1437 211 duce
1456 171 1555 222 Hip-
1575 178 1594 209 3

137 229 304 282 polocho
335 228 480 267 Pheras
511 229 551 267 in
582 229 819 280 praesidium
850 229 1061 276 miserunt;
1104 229 1129 268 ii
1161 229 1306 268 exclusi
1332 228 1449 275 aditu,
1479 228 1555 267 iam

140 285 268 324 onmia
290 285 429 324 itinera
450 284 717 324 obsidentibus
741 285 867 336 regiis,
891 286 1093 324 Scotusam
1116 298 1157 324 se
1177 289 1421 336 receperunt.
1450 284 1554 335 lega·
1574 292 1595 323 4

135 341 183 380 tis
205 341 477 380 Larisaeorum
507 354 576 380 rex
606 342 815 380 clementer
844 342 1058 392 respondit,
1088 353 1169 380 non
1190 341 1279 380 belli
1298 340 1465 380 faciendi
1487 340 1555 379 sed

134 398 301 436 tuendae
333 403 369 437 et
398 397 645 437 stabiliendae
674 397 858 436 libertatis
879 398 1155 436 Thessalorum
1187 410 1301 436 causa
1321 410 1362 436 se
1386 397 1555 435 Thessa·

134 453 224 492 liam
242 454 418 493 intrasse.
461 454 597 492 similia
617 454 688 500 his,
720 453 787 503 qui
811 465 901 492 cum
921 453 1102 493 Pheraeis
1124 459 1264 504 ageret,
1296 453 1462 499 missus3
1494 453 1555 491 cui
1576 456 1595 486 5

135 510 243 548 nullo
275 511 362 549 dato
393 522 582 560 responso
609 510 771 548 Pheraei
799 510 873 560 ipsi
902 509 1068 561 legatum
1100 510 1146 548 ad
1177 522 1310 560 regem
1340 509 1556 560 principem

139 567 297 605 civitatis
318 566 548 605 Pausaniam
579 566 781 605 miserunt.
822 566 889 616 qui
910 578 1000 604 cum
1021 565 1123 604 haud
1148 565 1344 604 dissimilia
1365 565 1424 612 iis,
1454 570 1498 604 ut
1515 565 1556 604 in
1575 569 1595 600 6

137 635 250 662 causa
279 623 373 674 pari,
404 634 502 672 quae
531 635 604 673 pro
628 622 942 661 Chalcidensibus
972 622 1012 661 in
1034 621 1227 672 colloquio
1249 622 1295 659 ad
1317 621 1453 672 Euripi
1474 622 1555 659 fre-

134 685 218 718 tum
240 679 338 717 dicta
357 684 477 725 erant,
508 679 695 729 quaedam
717 679 830 717 etiam
851 678 1021 717 ferocius
1045 679 1194 729 egisset,
1216 689 1285 716 rex
1308 677 1421 716 etiam
1441 682 1557 727 atque
1576 679 1595 710 ’7

136 736 249 774 etiam
279 734 489 773 deliberare
519 747 585 773 eos
614 735 754 782 iussos,
785 747 834 774 ne
854 735 891 773 id
913 735 1063 774 consilii
1085 739 1278 785 caperent,
1309 733 1431 779 cuius,
1462 732 1557 771 dum

133 792 175 830 in
201 793 380 831 futurum
402 791 518 830 nimis
550 792 650 830 cauti
681 797 717 830 et
742 791 895 842 providi
926 797 1075 838 essent,
1107 790 1301 841 extemplo
1332 789 1557 840 paeniteret,

136 847 288 887 dimisit.
339 848 434 885 haec
464 849 683 887 renuntiata
712 848 857 887 Pheras
886 847 1021 899 legatio
1054 860 1144 886 eum
1175 852 1287 893 esset,
1317 858 1366 884 ne
1396 845 1557 896 paulum
1577 851 1597 883 S

136 904 294 954 quidem
317 903 553 951 dubitarunt,
585 905 679 955 quin
710 916 782 955 pro
814 905 890 943 fide
912 917 1000 955 erga
1019 904 1231 949 Romanos,
1263 901 1453 953 quidquid
1474 903 1556 939 fors

135 959 224 999 belli
246 960 405 1006 tulisset,
427 966 664 1011 paterentur.
704 961 833 1011 itaque
856 967 892 1000 et
913 961 950 999 vi
971 973 1124 999 summa
1147 971 1220 1010 ope
1242 958 1428 1009 parabant
1447 970 1487 996 se
1509 957 1554 995 ad
1575 963 1595 995 9

134 1016 273 1055 urbem
295 1016 591 1063 defendendam,
612 1022 648 1055 et
667 1029 735 1055 rex
757 1017 803 1055 ab
828 1017 935 1056 omni
955 1023 1062 1067 parte
1083 1017 1437 1066 simuloppugnare
1450 1025 1555 1051 moe-

133 1072 196 1110 nia
227 1078 283 1111 est
303 1072 507 1124 adgressus
527 1079 574 1119 et,
603 1079 646 1112 ut
669 1073 736 1124 qui
758 1073 847 1112 satis
869 1073 1106 1124 intellegeret
1125 1095 1180 1099 —
1203 1084 1331 1122 neque
1354 1071 1460 1110 enim
1480 1070 1554 1109 du—
1578 1077 1619 1108 10

131 1127 243 1167 bium
269 1135 350 1167 erat
371 1151 425 1156 —
445 1129 485 1167 in
517 1135 658 1168 eventu
690 1129 906 1168 eiusurbis
928 1130 1101 1180 positum
1122 1141 1218 1175 esse,
1251 1140 1367 1178 quam
1389 1127 1555 1178 primam

133 1184 339 1235 adgressus
360 1191 470 1231 esset,
492 1191 557 1224 aut
578 1185 710 1236 sperni
730 1185 870 1224 deinde
891 1185 937 1224 ab
959 1186 1140 1224 universa
1153 1190 1264 1235 gente
1278 1183 1556 1222 Thessalorum

133 1247 197 1279 aut
221 1241 345 1279 timeri
366 1254 418 1287 se,
441 1253 599 1280 omnem
620 1242 794 1292 undique
815 1247 1004 1281 terrorem
1029 1241 1197 1280 obsessis
1209 1240 1350 1279 iniecit.
1381 1239 1554 1290 primum
1578 1243 1616 1275 11

133 1297 325 1348 impetum
363 1298 663 1348 oppugnationis
703 1298 792 1336 satis
824 1303 1047 1336 constanter
1078 1297 1370 1342 susti11uerunt3
1416 1295 1555 1333 deinde

134 1365 223 1391 cum
246 1353 356 1392 multi
375 1359 666 1405 propugnantes
688 1354 870 1393 caderent
889 1354 1276 1399 autvulnerarentur,
1297 1352 1424 1391 labare
1436 1352 1555 1390 animi

134 1416 357 1460 coeperunt.
397 1410 565 1448 revocati
594 1410 733 1448 deinde
764 1410 1077 1461 castigationibus
1107 1409 1330 1460 principum
1350 1408 1396 1447 ad
1419 1420 1554 1458 perse-
1577 1411 1618 1443 12

132 1466 348 1504 verandum
368 1466 407 1504 in
427 1466 641 1517 propositO,
671 1467 802 1505 relicto
826 1467 1014 1505 exteriore
1036 1467 1179 1504 circulo
1204 1465 1318 1511 muri,
1341 1464 1555 1503 deficienti-

131 1521 206 1560 bus
228 1523 304 1560 iam
326 1522 448 1573 copiis
470 1523 510 1561 in
529 1523 754 1561 interiorem
775 1529 922 1574 partem
943 1522 1052 1561 urbis
1080 1527 1370 1568 concesserunt,
1393 1520 1557 1559 cuibre-

132 1578 219 1616 vior
249 1577 354 1616 orbis
386 1579 616 1617 munitionis
649 1579 922 1618 circumiectus
954 1585 1055 1626 erat,
1087 1584 1284 1630 postremo
1316 1578 1406 1616 victi
1436 1576 1558 1623 malis,

933 1724 1056 1758 8-11.
1084 1729 1228 1762 renum,
1255 1723 1309 1762 23,
1338 1724 1369 1762 6,
1396 1723 1425 1755 3.
1451 1740 1494 1744 -
1521 1732 1561 1753 ne

879 1767 970 1808 paul.
1004 1771 1091 1810 quid.
1117 1768 1225 1808 „auch
1250 1767 1341 1799 nicht
1366 1767 1459 1799 einen
1485 1766 1558 1799 Mo-

882 1814 1013 1853 ment,“
1053 1812 1259 1854 geschweige
1294 1813 1369 1845 dass
1394 1824 1425 1845 u.
1449 1823 1475 1844 s.
1502 1822 1557 1852 w.‚

883 1861 944 1899 38,
971 1861 1033 1901 27,
1067 1861 1093 1892 1.
1120 1860 1259 1899 —fors
1286 1861 1333 1899 b.,
1360 1860 1423 1899 44,
1452 1859 1492 1898 8,
1520 1859 1558 1890 3:

874 1906 1017 1946 fortuna
1041 1906 1120 1937 belli.
1135 1922 1178 1927 —
1196 1906 1234 1936 ab
1258 1915 1285 1935 0.
1304 1910 1411 1943 parte,
1438 1903 1470 1934 iu
1496 1903 1559 1935 den

881 1951 1020 1983 meisteu
1037 1950 1108 1982 Hss.
1134 1948 1218 1981 fehlt
1233 1951 1284 1989 ab,
1309 1949 1377 1990 vgl.
1396 1959 1422 1980 c.
1446 1950 1499 1989 24,
1521 1951 1556 1988 13

134 1720 318 1753 Pausanias
344 1723 402 1754 der
427 1726 513 1754 erste
539 1721 660 1754 Pr'ator
687 1723 812 1756 dersel—

136 1767 199 1798 ben
237 1768 321 1798 nach
355 1768 413 1799 der
437 1766 615 1809 Bcfreiung
649 1779 713 1800 von
753 1769 813 1801 den

135 1812 370 1844 Macedouiern
385 1823 536 1854 gewesen
556 1823 638 1855 war,
664 1813 814 1846 Niebuhr

134 1856 189 1889 Rl.
217 1856 383 1890 Schriften
415 1860 449 1898 1,
478 1860 554 1892 243.
583 1876 626 1880 —
661 1862 696 1891 in
712 1871 814 1899 prae-

135 1905 263 1944 sidium,
289 1914 342 1934 um
368 1913 402 1935 es
420 1914 461 1935 zu
482 1905 650 1946 schiitzen,
676 1906 731 1945 31,
761 1907 812 1947 16,

136 1951 164 1981 7.
193 1966 238 1970 —
264 1951 426 1989 obsident„
452 1949 581 1981 besetzt
605 1950 742 1982 hielteu.
767 1968 812 1973 —

135 1995 207 2026 belli
220 1995 314 2036 faa,
351 1996 404 2035 31,
433 1996 486 2035 11,
513 1997 543 2028 6.
573 2013 615 2017 —
643 1997 760 2038 libert„
786 2006 810 2028 s.

137 2040 190 2078 35,
214 2041 269 2079 46,
296 2041 346 2073 10.
369 2057 414 2061 —
439 2042 588 2079 Chalez'd„
615 2042 668 2081 35,
694 2043 748 2083 46,
773 2043 812 2081 93

134 2085 251 2123 Euo-ip.
268 2085 342 2125 fr„
370 2085 427 2117 der
450 2084 592 2127 Euripus
617 2086 730 2125 selbst,
757 2088 812 2128 28,

136 2130 175 2165 6,
207 2131 259 2169 10;
285 2139 319 2161 es
344 2129 389 2161 ist
413 2131 480 2162 wol
502 2131 553 2162 die
574 2131 812 2173 Verhandtung

136 2175 192 2214 35,
219 2176 272 2213 38,
294 2177 334 2208 10
354 2176 514 2218 gemeint3
538 2176 590 2208 die
611 2178 811 2209 voruelnnen

134 2218 324 2251 Thessalier
352 2221 425 2252 sind
449 2221 509 2252 mit
533 2222 591 2253 dcr
614 2232 678 2253 von
707 2222 810 2264 Quiu-

135 2265 220 2296 ctius
248 2266 301 2305 34,
329 2267 366 2299 51
398 2267 587 2307 gegebenen
605 2266 812 2309 Verfassung

134 2309 312 2342 zufrieden.
338 2328 381 2334 -
408 2315 443 2343 in
458 2314 552 2354 fut„
577 2323 630 2345 uin
654 2313 725 2344 sich
749 2323 812 2345 vor

135 2355 196 2386 den
222 2355 362 2388 R'omern
395 2357 502 2389 sicher
535 2369 575 2389 zu
610 2359 741 2393 stellen,
766 2376 812 2381 —·

134 2404 304 2441 extemplo,
340 2400 429 2442 jetzt
454 2403 618 2445 sogleich,
661 2404 729 2445 vgl.
756 2406 810 2445 39,

133 2446 189 2485 48,
219 2448 253 2479 1:
278 2451 482 2488 extemplo-
501 2460 592 2488 mox;
617 2452 672 2490 40,
698 2451 753 2490 48,
779 2452 811 2483 6.

135 2508 179 2513 -
198 2495 321 2531 paem't.
349 2494 432 2525 ohne
457 2505 516 2528 eoa.

881 1999 913 2037 4,
942 1998 996 2037 28,
1023 1998 1054 2036 2,
1081 1996 1200 2027 anders
1226 1996 1280 2034 37,
1310 1997 1362 2035 18,
1386 1997 1415 2028 5.
1434 2012 1479 2017 —-
1501 1996 1556 2025 ad-

878 2053 1005 2084 yressus
1021 2040 1267 2082 gewohnlicher
1287 2043 1430 2080 adorem,
1449 2041 1480 2079 3,
1502 2041 1555 2079 35,

881 2090 923 2127 73
948 2090 1003 2127 40,
1028 2089 1082 2127 25,
1110 2089 1152 2128 53
1185 2085 1219 2117 in
1263 2086 1417 2117 auderem
1455 2084 1556 2116 Sinne

880 2131 901 2174 ξ
930 2134 980 2167 10.
1008 2149 1050 2155 —-
1078 2143 1269 2174 quampr.‚
1303 2132 1365 2171 23,
1403 2133 1462 2171 10,
1496 2132 1555 2163 10:

878 2189 974 2220 quam
991 2179 1147 2218 primum.
1188 2179 1300 2217 sperni
1329 2194 1372 2199 —-
1406 2187 1437 2208 se
1469 2176 1554 2207 nach

873 2226 1014 2264 positum
1038 2230 1082 2256 est
1106 2223 1140 2254 in
1165 2222 1273 2254 dieser
1296 2222 1488 2262 Bedeutung
1511 2220 1556 2252 ist

879 2270 947 2301 wol
971 2269 1088 2310 selten,
1115 2268 1232 2300 anders
1261 2267 1327 2299 Cic.
1345 2267 1417 2298 Fin.
1440 2268 1471 2306 5,
1497 2267 1555 2305 25,

881 2315 922 2347 73
951 2326 982 2346 u.
1007 2324 1048 2353 ω,
1077 2314 1129 2345 die
1154 2313 1221 2345 inff.
1246 2323 1352 2355 praes.
1373 2312 1477 2343 sollen
1497 2311 1554 2342 das

879 2360 988 2392 sichre
1012 2359 1189 2391 Eintrcteu
1213 2358 1431 2397 bezeichnen,
1468 2367 1495 2388 c.
1525 2358 1554 2396 1,

881 2406 899 2438 3
915 2417 922 2436 :
941 2407 1129 2447 propaqarz‘.

930 2452 1072 2484 12—15.
1098 2452 1247 2492 castiqat„
1274 2450 1329 2489 31,
1355 2450 1410 2488 46,
1439 2450 1490 2482 11.
1512 2464 1556 2468 -

881 2499 1027 2529 interior.
1056 2514 1095 2519 —
1123 2497 1246 2528 brevior
1271 2499 1355 2535 ete„
1382 2493 1434 2525 die
1460 2492 1557 2526 Struit
