1715 2723
216 113 300 155 324

643 111 768 144 LIBER
791 110 985 143 XXXVIII.
1020 109 1111 142 CAP.
1138 112 1190 143 32.

1471 117 1498 136 a.
1519 116 1549 135 u.
1564 108 1630 136 565.

217 216 366 262 consul,
389 227 479 254 cum
498 214 568 252 alia
590 214 679 252 satis
699 212 899 251 ambitiose
918 218 1066 263 partem
1088 213 1630 263 utramquelovendoincerta

217 271 492 323 respondisset,
504 281 580 308 una
591 269 891 315 denuntiatione,
904 273 946 307 ut
958 268 1057 307 hello
1069 267 1316 316 abstinerent,
1331 269 1457 308 donec
1466 270 1631 308 Romam

179 346 200 378 5
218 328 264 367 ad
291 332 466 366 senatum
483 326 627 376 legatos
655 325 862 371 misissent,
890 324 1009 363 tinem
1031 324 1229 375 imposuit.
1271 325 1467 376 utrimque
1495 326 1632 376 legatio

219 384 334 423 missa
362 384 526 422 Romam
556 386 624 420 est.
654 381 785 419 exules
808 393 966 431 quoque
987 380 1387 419 Lacedaemoniorum
1407 394 1518 420 suam
1539 394 1637 421 cau-

178 456 198 487 6
217 452 298 478 sam
327 438 636 490 legationemque
656 437 816 476 Achaeis
838 437 1103 475 iniunxerunt.
1134 437 1354 488 Diophanes
1376 443 1413 476 et
1430 438 1629 489 Lycortas,

217 494 521 546 Megalopolitani
550 493 686 541 ambo,
731 493 926 544 principes
955 493 1157 544 legationis
1187 494 1432 532 Achaeorum
1459 496 1634 541 fuerunt,

217 552 304 602 qui,
344 551 571 590 dissidentes
601 551 641 589 in
679 562 721 588 re
761 549 934 600 publica,
973 555 1057 589 tum
1088 562 1245 601 quoque
1272 550 1431 588 minime
1459 550 1562 589 inter
1590 563 1631 589 se

178 617 195 648 7
217 607 481 646 convenientis
512 607 704 645 orationes
742 606 974 645 habuerunt.

1032 606 1253 657 Diophanes
1289 606 1437 645 senatui
1477 606 1635 657 discep-

216 664 399 703 tationem
419 663 596 702 omnium
618 675 749 701 rerum
782 663 1043 713 permittebat:
1076 675 1143 701 eos
1172 662 1316 713 optime
1347 663 1632 702 controversias

178 721 315 767 ginter
347 720 520 759 Achaeos
559 732 602 758 ac
635 719 961 758 Lacedaemonios
1001 719 1180 758 finituros
1220 731 1326 766 esse3
1368 719 1553 770 Lycortas
1584 731 1632 758 ex

215 777 427 828 praeceptis
456 775 769 827 Philopoemenis
794 775 1022 826 postulabat,
1063 781 1105 814 ut
1133 775 1294 814 Achaeis
1325 787 1372 814 ex
1403 775 1559 815 foedere
1588 788 1635 814 ac

213 833 362 884 legibus
388 832 479 879 suis,
511 845 608 883 quae
638 832 871 878 decressent,
904 844 1015 882 agere
1045 832 1195 879 liceret,
1234 831 1526 882 libertatemque
1557 831 1629 871 sibi

175 900 196 931 9
214 889 405 936 illibatam,
436 889 545 927 cuius
574 889 646 939 ipsi
668 894 845 927 auctores
868 894 1007 934 essent,
1035 893 1283 938 praestarent.
1315 900 1475 939 magnae
1494 894 1632 927 aucto-

214 946 332 984 ritatis
362 945 464 996 apud
493 946 693 984 Romanos
724 950 808 983 tum
835 956 928 995 gens
947 944 1193 983 Achaeorum
1211 949 1312 990 erat3
1344 944 1478 982 novari
1502 949 1628 982 tamen

214 1003 308 1041 nihil
339 1002 385 1040 de
415 1001 731 1040 Lacedaemoniis
762 1000 944 1051 placebat.
991 1006 1163 1039 ceterum
1192 1012 1428 1051 responsum
1457 1000 1507 1039 ita
1536 1013 1632 1051 per-

213 1059 370 1110 plexum
411 1058 502 1105 fuit,
544 1063 585 1096 ut
624 1063 661 1096 et
699 1057 839 1095 Achaei
877 1057 949 1096 sibi
990 1057 1037 1095 de
1066 1057 1356 1096 Lacedaemone
1392 1056 1630 1107 permissum

154 1126 194 1158 10
213 1115 450 1166 acciperent,
490 1120 526 1153 et
555 1114 851 1152 Lacedaemonii
881 1126 962 1151 non
990 1113 1120 1152 omnia
1152 1126 1334 1152 concessa
1363 1113 1408 1152 iis
1433 1113 1628 1164 interpre-

214 1176 397 1211 tarentur.
444 1171 514 1209 hac
542 1175 727 1221 potestate
756 1170 963 1208 immodice
993 1170 1136 1208 Achaei
1165 1182 1207 1208 ac
1237 1169 1406 1220 superbe
1439 1169 1499 1208 usi
1526 1175 1629 1209 sunt.

218 1263 245 1302 1,
274 1264 325 1301 10,
354 1264 379 1294 l.
407 1262 584 1300 —ambit.,
611 1258 732 1291 darauf
745 1260 883 1291 berech-

213 1311 286 1345 net,
317 1306 384 1338 ihm
409 1306 460 1338 die
486 1304 594 1338 Gunst
625 1316 665 1336 zu
698 1305 882 1346 gewinnen,

212 1352 255 1384 im
273 1352 364 1394 Folg.
389 1352 527 1383 erksart.
541 1362 675 1391 —una,
701 1361 762 1382 nur
782 1351 884 1381 durch

211 1397 263 1430 die
307 1398 398 1437 eine3
439 1400 583 1437 denunt„
626 1395 883 1436 Ankiindigung,

212 1441 343 1483 ssefehl,
375 1442 443 1483 vgl.
471 1453 497 1474 c.
522 1444 576 1481 40,
602 1443 639 1481 23
667 1442 729 1481 42,
757 1443 818 1481 24,
844 1443 882 1474 6:

210 1491 372 1522 dcnuntfee
412 1489 735 1529 Garffioyiniensz'bus,
776 1494 810 1520 ut
843 1489 886 1518 ad

209 1536 445 1574 disceptandum
468 1536 616 1571 veniam,-
643 1534 696 1573 35,
723 1534 776 1573 35,
805 1534 835 1565 4.

254 1627 375 1659 6—‘10.
398 1626 580 1663 Diophan.,
614 1635 639 1655 s.
666 1624 726 1659 37,
753 1624 813 1661 20,
854 1624 881 1662 l,

208 1672 260 1703 ein
293 1670 425 1711 Gegner
460 1670 518 1702 der
549 1668 672 1700 Politik
708 1667 882 1710 Philopoe-

208 1727 297 1749 mens
324 1716 390 1748 und
416 1715 590 1758 Lycortas,
616 1725 642 1746 s.
665 1713 735 1744 Pol.
761 1714 815 1753 22,
843 1715 881 1753 33

208 1764 262 1803 23,
293 1764 331 1795 17
357 1773 389 1794 u.
416 1772 444 1793 a.
466 1780 507 1786 --
533 1762 708 1800 Lycortas,
734 1759 796 1798 35,
826 1760 880 1800 29,

214 1810 238 1841 l.
264 1825 306 1830 ——
333 1810 366 1839 in
391 1818 427 1840 re
443 1818 493 1846 p„
519 1805 551 1837 in
572 1805 666 1837 ihren
685 1803 881 1846 politischen

208 1852 398 1885 Ansichten.
410 1870 455 1875 -—
470 1859 536 1884 tum
561 1863 655 1892 quoq.
675 1850 759 1881 uach
776 1849 880 1881 einem

208 1898 374 1940 Particip„
395 1913 439 1924 =
456 1909 526 1930 eccm
542 1908 661 1936 semper
685 1897 880 1935 dissiderent,

208 1945 253 1976 ist
288 1944 380 1975 nicht
413 1943 533 1984 hiiufig.
580 1942 641 1973 Die
682 1940 760 1981 folg.
795 1940 880 1973 Ver-

206 1989 372 2030 handlung
396 1989 437 2020 im
460 1988 580 2021 Senate
600 1988 686 2018 kann
703 1986 773 2017 sich
791 1986 881 2018 nicht

209 2034 421 2067 unmittelbar
445 2045 486 2066 an
519 2034 576 2065 das
601 2032 879 2072 Vorhergehende

206 2080 470 2122 angeschlossen,
513 2079 655 2111 sonderu
696 2081 766 2109 erst
797 2079 880 2109 nach

207 2126 278 2158 dem
303 2125 432 2157 Antritt
457 2126 514 2156 der
542 2134 644 2155 neuen
669 2122 822 2161 Consulu,
849 2133 877 2155 c.

207 2173 261 2213 35,
287 2175 371 2203 statt
394 2170 516 2212 gehabt
540 2170 662 2208 haben,
689 2168 753 2199 und
781 2168 878 2200 sollte

206 2221 274 2250 erst
306 2220 403 2249 unter
435 2216 506 2247 dem
540 2215 623 2246 Jahr
661 2215 723 2247 188
749 2214 880 2245 erziihlt

206 2262 296 2304 sein,
333 2262 452 2294 ebenso
489 2261 540 2293 die
572 2259 650 2300 folg.
688 2258 878 2300 Ereignisse

206 2307 255 2340 bis
282 2318 309 2340 c.
338 2309 392 2345 34,
420 2307 503 2339 deun
529 2307 613 2337 nach
640 2304 757 2346 Polyb.
788 2306 874 2344 223

207 2354 356 2385 erhalten
381 2352 433 2384 die
460 2352 529 2384 sich
554 2352 633 2383 iiber
659 2350 710 2381 die
728 2348 875 2381 Gewalt-

206 2399 279 2430 that
318 2409 346 2431 c.
393 2398 434 2432 33
475 2397 507 2429 in
532 2396 613 2429 Rom
649 2395 874 2436 beklagenden

208 2442 480 2476 Lacedaemonier
504 2447 574 2474 erst
591 2452 655 2474 von
670 2442 741 2473 dem
756 2440 875 2472 Consul

207 2488 345 2531 Lepidus
383 2489 571 2528 187-186,
604 2497 631 2520 s,
656 2497 684 2520 c.
714 2487 776 2525 43,
814 2486 875 2517 Be-

204 2534 324 2566 scheid.
344 2551 381 2556 -
398 2536 480 2567 inter
493 2545 524 2566 se
539 2545 639 2573 coma,
657 2533 725 2573 vgl.
746 2532 799 2572 33,
824 2533 873 2571 12,

954 1262 983 1292 5.
1017 1276 1060 1282 —-—
1097 1261 1242 1299 discept„
1284 1259 1401 1290 anders
1440 1258 1489 1290 als
1531 1259 1550 1298 ξ
1590 1260 1629 1292 3;

952 1305 1174 1336 untersuchen
1216 1304 1280 1336 und
1322 1304 1505 1344 erkeunen,
1551 1308 1625 1336 ent-

951 1349 1116 1389 seheiden,
1143 1350 1246 1381 daher
1260 1353 1429 1390 finituros,
1452 1360 1476 1382 S.
1497 1350 1550 1392 35,
1576 1351 1630 1390 17,

953 1397 991 1435 23
1016 1397 1070 1435 40,
1104 1397 1300 1437 17,1;41‚
1329 1397 1382 1435 20,
1409 1396 1438 1436 l,
1464 1405 1503 1426 zu
1521 1395 1551 1435 3,
1570 1397 1624 1436 40,

954 1442 1014 1480 113
1047 1440 1113 1472 Cic.
1150 1445 1232 1472 orat.
1268 1444 1353 1482 part.
1388 1442 1425 1480 3,
1472 1441 1528 1473 10:
1571 1447 1630 1472 aut

949 1489 1144 1518 auscultator
1168 1493 1212 1518 esc
1235 1489 1323 1518 modo
1350 1488 1409 1526 qui
1433 1488 1541 1527 audit,
1570 1492 1625 1518 aut

951 1534 1154 1571 disceptator,
1183 1534 1218 1563 id
1238 1538 1299 1571 est,
1326 1534 1374 1563 rei
1395 1533 1627 1572 sententiaeque

950 1580 1129 1609 moderator
1136 1589 1149 1615 ;
1175 1580 1218 1608 ita
1244 1583 1278 1608 ut
1305 1583 1360 1608 aut
1387 1579 1552 1608 delectetur
1571 1583 1627 1608 aut

949 1629 1071 1655 statuat
1094 1625 1238 1664 alz'quid;
1263 1625 1372 1654 statuit
1393 1628 1496 1653 autem
1519 1628 1574 1653 aut
1589 1624 1626 1654 de

943 1670 1138 1707 praeteritis,
1162 1674 1197 1700 ut
1224 1670 1328 1706 index,
1352 1673 1408 1699 aut
1431 1668 1625 1708 defuturis,

950 1720 985 1745 ut
1019 1720 1157 1746 senatus.
1198 1732 1242 1736 —-
1277 1725 1314 1745 ex
1344 1715 1433 1753 joed.
1462 1712 1550 1743 kann
1584 1723 1625 1744 zu

949 1770 1042 1801 affere
1067 1762 1136 1799 lic„
1174 1759 1255 1791 aber
1279 1759 1362 1790 auch
1386 1769 1427 1789 zu
1454 1760 1627 1791 decressent

950 1814 1094 1846 gezogen
1126 1805 1277 1844 werden,
1312 1814 1338 1835 s.
1368 1814 1395 1835 c.
1433 1805 1492 1844 13,
1525 1805 1553 1836 8.
1578 1821 1624 1826 ——

949 1853 1026 1890 suis,
1065 1861 1090 1881 s.
1133 1851 1187 1892 35,
1226 1851 1282 1890 42,
1324 1851 1353 1882 S.
1391 1867 1436 1871 —-
1478 1855 1545 1881 tum
1580 1848 1623 1880 iul

950 1894 1158 1936 Gegensatze
1200 1906 1240 1926 zu
1278 1895 1336 1926 der
1369 1895 1504 1936 spatern
1536 1893 1622 1935 Zeit‚

949 1951 973 1972 s,
1000 1940 1160 1972 Periocha
1185 1943 1246 1980 513
1273 1942 1325 1974 52.
1354 1957 1394 1962 -—-
1423 1942 1547 1979 novari,
1574 1939 1622 1972 sie

949 1987 1053 2018 sollen
1095 1986 1127 2017 in
1170 1987 1240 2018 dem
1273 1985 1472 2017 achaischeu
1511 1985 1622 2017 Bunde

948 2031 1091 2072 bleiben,
1114 2042 1179 2063 von
1197 2031 1277 2063 Rom
1297 2031 1387 2062 nicht
1410 2031 1459 2062 als
1483 2032 1628 2063 dediticii

949 2076 1209 2118 aufgeuommen,
1233 2077 1314 2109 aber
1338 2077 1422 2108 auch
1449 2076 1539 2107 nicht
1563 2076 1621 2108 be-

948 2122 1058 2164 kriegt
1079 2123 1222 2154 werden.
1247 2140 1293 2145 —-
1315 2129 1435 2160 tamen,
1470 2121 1622 2163 obgleich

948 2179 1020 2199 1111111
1047 2169 1108 2201 den
1132 2167 1287 2200 Ach'dern
1312 2177 1442 2209 grosses
1469 2167 1622 2199 Gewicht

948 2213 1101 2255 beilegte,
1127 2213 1223 2245 ihnen
1249 2213 1320 2245 also
1337 2213 1390 2245 die
1408 2211 1624 2253 Ausfiihrung

947 2259 1038 2291 ihrer
1076 2260 1268 2291 Beschliisse
1309 2259 1404 2290 hatte
1451 2261 1621 2299 gestatten

945 2304 1072 2344 sollen,
1109 2315 1146 2337 so
1177 2323 1220 2327 —
1245 2304 1338 2336 doch.
1363 2322 1407 2327 —
1434 2306 1471 2336 de
1494 2305 1620 2343 Laced„

946 2351 987 2383 36
1004 2375 1012 2391 ,
1038 2352 1098 2390 35,
1125 2353 1155 2384 5.
1181 2368 1227 2373 -—
1251 2352 1405 2389 accisoer„
1429 2349 1620 2387 aunahmen,

944 2406 981 2426 so
1006 2395 1197 2436 auffassten,
1225 2395 1344 2428 ebenso
1369 2397 1620 2434 interpretaren-

944 2448 1019 2482 tur,
1047 2443 1085 2483 3,
1111 2443 1173 2482 36,
1199 2442 1395 2482 4;6,16,
1422 2442 1440 2473 7
1464 2451 1495 2471 u.
1521 2449 1550 2471 a.
1575 2457 1620 2462 -

943 2488 1001 2518 lzae
1035 2493 1124 2527 poe„
1166 2486 1219 2519 die
1263 2486 1359 2518 ihnen
1403 2485 1487 2517 nach
1530 2484 1622 2517 ihrer

947 2532 1099 2572 Deutung
1123 2532 1298 2573 gegebene.
