<?xml version="1.0" encoding="UTF-8"?>
<!DOCTYPE html PUBLIC "-//W3C//DTD XHTML 1.0 Transitional//EN"
    "http://www.w3.org/TR/xhtml1/DTD/xhtml1-transitional.dtd">
<html xmlns="http://www.w3.org/1999/xhtml" xml:lang="en" lang="en">
 <head>
  <title>
</title>
<meta http-equiv="Content-Type" content="text/html;charset=utf-8" />
  <meta name='ocr-system' content='tesseract 3.04.00' />
  <meta name='ocr-capabilities' content='ocr_page ocr_carea ocr_par ocr_line ocrx_word'/>
</head>
<body>
  <div class='ocr_page' id='page_1' title='image "./aburbeconditalib0708livyuoft_0142.png"; bbox 0 0 1715 2723; ppageno 0'>
   <div class='ocr_carea' id='block_1_1' title="bbox 114 994 167 1035">
    <p class='ocr_par' dir='ltr' id='par_1_1' title="bbox 114 994 167 1035">
     <span class='ocr_line' id='line_1_1' title="bbox 114 994 167 1035; baseline -0.038 0"><span class='ocrx_word' id='word_1_1' title='bbox 114 994 167 1035; x_wconf 85' lang='lat'>18</span> 
     </span>
    </p>
   </div>
   <div class='ocr_carea' id='block_1_2' title="bbox 184 171 263 211">
    <p class='ocr_par' dir='ltr' id='par_1_2' title="bbox 184 171 263 211">
     <span class='ocr_line' id='line_1_2' title="bbox 184 171 263 211; baseline 0 0"><span class='ocrx_word' id='word_1_2' title='bbox 184 171 263 211; x_wconf 83' lang='lat'>132</span> 
     </span>
    </p>
   </div>
   <div class='ocr_carea' id='block_1_3' title="bbox 608 164 1156 199">
    <p class='ocr_par' dir='ltr' id='par_1_3' title="bbox 608 164 1156 199">
     <span class='ocr_line' id='line_1_3' title="bbox 608 164 1156 199; baseline -0.004 -1"><span class='ocrx_word' id='word_1_3' title='bbox 608 164 734 198; x_wconf 85' lang='lat' dir='ltr'><strong>LIBER</strong></span> <span class='ocrx_word' id='word_1_4' title='bbox 750 165 894 198; x_wconf 87' lang='lat' dir='ltr'>XXXII.</span> <span class='ocrx_word' id='word_1_5' title='bbox 921 165 1012 199; x_wconf 87' lang='lat' dir='ltr'><strong>CAP.</strong></span> <span class='ocrx_word' id='word_1_6' title='bbox 1033 165 1086 197; x_wconf 91' lang='lat'>17.</span> <span class='ocrx_word' id='word_1_7' title='bbox 1105 165 1156 197; x_wconf 90' lang='grc'>18.</span> 
     </span>
    </p>
   </div>
   <div class='ocr_carea' id='block_1_4' title="bbox 1441 172 1588 198">
    <p class='ocr_par' dir='ltr' id='par_1_4' title="bbox 1441 172 1588 198">
     <span class='ocr_line' id='line_1_4' title="bbox 1441 172 1588 198; baseline 0.007 -1"><span class='ocrx_word' id='word_1_8' title='bbox 1441 179 1468 198; x_wconf 85' lang='lat' dir='ltr'>a..</span> <span class='ocrx_word' id='word_1_9' title='bbox 1485 179 1511 197; x_wconf 93' lang='lat' dir='ltr'>u.</span> <span class='ocrx_word' id='word_1_10' title='bbox 1526 172 1588 198; x_wconf 83' lang='lat'>556.</span> 
     </span>
    </p>
   </div>
   <div class='ocr_carea' id='block_1_5' title="bbox 180 265 1588 374">
    <p class='ocr_par' dir='ltr' id='par_1_5' title="bbox 180 265 1588 374">
     <span class='ocr_line' id='line_1_5' title="bbox 180 265 1588 320; baseline -0.004 -10"><span class='ocrx_word' id='word_1_11' title='bbox 180 270 343 311; x_wconf 82' lang='lat' dir='ltr'>conferti</span> <span class='ocrx_word' id='word_1_12' title='bbox 363 269 493 308; x_wconf 88' lang='lat' dir='ltr'>hastas</span> <span class='ocrx_word' id='word_1_13' title='bbox 514 267 680 319; x_wconf 89' lang='lat' dir='ltr'>ingentis</span> <span class='ocrx_word' id='word_1_14' title='bbox 706 268 953 319; x_wconf 84' lang='lat' dir='ltr'>longitudinis</span> <span class='ocrx_word' id='word_1_15' title='bbox 983 279 1075 320; x_wconf 89' lang='lat' dir='ltr'>prae</span> <span class='ocrx_word' id='word_1_16' title='bbox 1103 279 1143 306; x_wconf 92' lang='lat' dir='ltr'>se</span> <span class='ocrx_word' id='word_1_17' title='bbox 1170 265 1395 305; x_wconf 74' lang='lat' dir='ltr'>Macedones</span> <span class='ocrx_word' id='word_1_18' title='bbox 1424 266 1588 306; x_wconf 88' lang='lat' dir='ltr'>obiecis-</span> 
     </span>
     <span class='ocr_line' id='line_1_6' title="bbox 180 322 1588 374; baseline -0.004 -9"><span class='ocrx_word' id='word_1_19' title='bbox 180 330 285 371; x_wconf 89' lang='lat' dir='ltr'>sent,</span> <span class='ocrx_word' id='word_1_20' title='bbox 314 324 417 363; x_wconf 89' lang='lat' dir='ltr'>velut</span> <span class='ocrx_word' id='word_1_21' title='bbox 442 324 483 363; x_wconf 89' lang='lat' dir='ltr'>in</span> <span class='ocrx_word' id='word_1_22' title='bbox 506 328 770 364; x_wconf 80' lang='lat' dir='ltr'>constructam</span> <span class='ocrx_word' id='word_1_23' title='bbox 799 324 985 363; x_wconf 89' lang='lat' dir='ltr'>densitate</span> <span class='ocrx_word' id='word_1_24' title='bbox 1019 324 1233 374; x_wconf 83' lang='lat' dir='ltr'>clipeorum</span> <span class='ocrx_word' id='word_1_25' title='bbox 1253 322 1486 361; x_wconf 81' lang='lat' dir='ltr'>testudinem</span> <span class='ocrx_word' id='word_1_26' title='bbox 1510 323 1588 361; x_wconf 88' lang='lat' dir='ltr'>Ro-</span> 
     </span>
    </p>
   </div>
   <div class='ocr_carea' id='block_1_6' title="bbox 113 378 1589 432">
    <p class='ocr_par' dir='ltr' id='par_1_6' title="bbox 113 378 1589 432">
     <span class='ocr_line' id='line_1_7' title="bbox 113 378 1589 432; baseline -0.003 -12"><span class='ocrx_word' id='word_1_27' title='bbox 113 388 155 420; x_wconf 88' lang='lat'>14</span> <span class='ocrx_word' id='word_1_28' title='bbox 183 381 288 420; x_wconf 88' lang='lat' dir='ltr'>mani</span> <span class='ocrx_word' id='word_1_29' title='bbox 322 380 407 431; x_wconf 89' lang='lat' dir='ltr'>pilis</span> <span class='ocrx_word' id='word_1_30' title='bbox 434 380 672 432; x_wconf 79' lang='lat' dir='ltr'>nequiquam</span> <span class='ocrx_word' id='word_1_31' title='bbox 701 379 852 419; x_wconf 88' lang='lat' dir='ltr'>emissis</span> <span class='ocrx_word' id='word_1_32' title='bbox 882 393 969 419; x_wconf 89' lang='lat' dir='ltr'>cum</span> <span class='ocrx_word' id='word_1_33' title='bbox 997 379 1243 418; x_wconf 80' lang='lat' dir='ltr'>strinxissent</span> <span class='ocrx_word' id='word_1_34' title='bbox 1268 378 1433 429; x_wconf 85' lang='lat' dir='ltr'>gladios,</span> <span class='ocrx_word' id='word_1_35' title='bbox 1463 390 1589 430; x_wconf 88' lang='lat' dir='ltr'>neque</span> 
     </span>
    </p>
   </div>
   <div class='ocr_carea' id='block_1_7' title="bbox 181 434 1593 543">
    <p class='ocr_par' dir='ltr' id='par_1_7' title="bbox 181 434 1593 543">
     <span class='ocr_line' id='line_1_8' title="bbox 181 434 1592 488; baseline -0.002 -13"><span class='ocrx_word' id='word_1_36' title='bbox 181 437 365 487; x_wconf 86' lang='lat' dir='ltr'>congredi</span> <span class='ocrx_word' id='word_1_37' title='bbox 384 436 543 488; x_wconf 89' lang='lat' dir='ltr'>propius</span> <span class='ocrx_word' id='word_1_38' title='bbox 563 448 690 487; x_wconf 88' lang='lat' dir='ltr'>neque</span> <span class='ocrx_word' id='word_1_39' title='bbox 716 436 934 487; x_wconf 81' lang='lat' dir='ltr'>praecidere</span> <span class='ocrx_word' id='word_1_40' title='bbox 963 437 1092 475; x_wconf 88' lang='lat' dir='ltr'>hastas</span> <span class='ocrx_word' id='word_1_41' title='bbox 1120 438 1319 486; x_wconf 87' lang='lat' dir='ltr'>poterant,</span> <span class='ocrx_word' id='word_1_42' title='bbox 1344 439 1397 481; x_wconf 88' lang='lat' dir='ltr'>et,</span> <span class='ocrx_word' id='word_1_43' title='bbox 1420 434 1453 472; x_wconf 91' lang='lat' dir='ltr'>si</span> <span class='ocrx_word' id='word_1_44' title='bbox 1474 446 1592 485; x_wconf 90' lang='lat' dir='ltr'>quam</span> 
     </span>
     <span class='ocr_line' id='line_1_9' title="bbox 181 490 1593 543; baseline -0.002 -12"><span class='ocrx_word' id='word_1_45' title='bbox 181 492 407 532; x_wconf 86' lang='lat' dir='ltr'>incidissent</span> <span class='ocrx_word' id='word_1_46' title='bbox 435 497 500 531; x_wconf 88' lang='lat' dir='ltr'>aut</span> <span class='ocrx_word' id='word_1_47' title='bbox 526 492 836 543; x_wconf 83' lang='lat' dir='ltr'>praefregissent,</span> <span class='ocrx_word' id='word_1_48' title='bbox 859 492 994 531; x_wconf 87' lang='lat' dir='ltr'>hastile</span> <span class='ocrx_word' id='word_1_49' title='bbox 1014 492 1230 542; x_wconf 87' lang='lat' dir='ltr'>fragmento</span> <span class='ocrx_word' id='word_1_50' title='bbox 1252 491 1336 541; x_wconf 89' lang='lat' dir='ltr'>ipso</span> <span class='ocrx_word' id='word_1_51' title='bbox 1359 494 1471 529; x_wconf 87' lang='lat' dir='ltr'>acuto</span> <span class='ocrx_word' id='word_1_52' title='bbox 1493 490 1593 529; x_wconf 91' lang='lat' dir='ltr'>inter</span> 
     </span>
    </p>
   </div>
   <div class='ocr_carea' id='block_1_8' title="bbox 113 546 1593 599">
    <p class='ocr_par' dir='ltr' id='par_1_8' title="bbox 113 546 1593 599">
     <span class='ocr_line' id='line_1_10' title="bbox 113 546 1593 599; baseline -0.002 -11"><span class='ocrx_word' id='word_1_53' title='bbox 113 557 153 589; x_wconf 88' lang='lat'>15</span> <span class='ocrx_word' id='word_1_54' title='bbox 182 548 329 599; x_wconf 87' lang='lat' dir='ltr'>spicula</span> <span class='ocrx_word' id='word_1_55' title='bbox 355 548 594 599; x_wconf 88' lang='lat' dir='ltr'>integrarum</span> <span class='ocrx_word' id='word_1_56' title='bbox 622 548 823 587; x_wconf 88' lang='lat' dir='ltr'>hastarum</span> <span class='ocrx_word' id='word_1_57' title='bbox 850 549 954 587; x_wconf 89' lang='lat' dir='ltr'>velut</span> <span class='ocrx_word' id='word_1_58' title='bbox 982 548 1121 587; x_wconf 88' lang='lat' dir='ltr'>vallum</span> <span class='ocrx_word' id='word_1_59' title='bbox 1146 547 1333 598; x_wconf 81' lang='lat' dir='ltr'>explebat.</span> <span class='ocrx_word' id='word_1_60' title='bbox 1376 547 1424 585; x_wconf 93' lang='lat' dir='ltr'>ad</span> <span class='ocrx_word' id='word_1_61' title='bbox 1450 546 1527 585; x_wconf 89' lang='lat' dir='ltr'>hoc</span> <span class='ocrx_word' id='word_1_62' title='bbox 1554 551 1593 585; x_wconf 87' lang='lat' dir='ltr'>et</span> 
     </span>
    </p>
   </div>
   <div class='ocr_carea' id='block_1_9' title="bbox 180 603 1592 711">
    <p class='ocr_par' dir='ltr' id='par_1_9' title="bbox 180 603 1592 711">
     <span class='ocr_line' id='line_1_11' title="bbox 181 603 1592 655; baseline -0.002 -12"><span class='ocrx_word' id='word_1_63' title='bbox 181 604 284 643; x_wconf 87' lang='lat' dir='ltr'>muri</span> <span class='ocrx_word' id='word_1_64' title='bbox 303 616 393 655; x_wconf 89' lang='lat' dir='ltr'>pars</span> <span class='ocrx_word' id='word_1_65' title='bbox 414 604 540 643; x_wconf 91' lang='lat' dir='ltr'>adhuc</span> <span class='ocrx_word' id='word_1_66' title='bbox 560 604 709 654; x_wconf 88' lang='lat' dir='ltr'>integra</span> <span class='ocrx_word' id='word_1_67' title='bbox 735 609 899 655; x_wconf 86' lang='lat' dir='ltr'>utraque</span> <span class='ocrx_word' id='word_1_68' title='bbox 926 608 1009 642; x_wconf 89' lang='lat' dir='ltr'>tuta</span> <span class='ocrx_word' id='word_1_69' title='bbox 1034 603 1253 655; x_wconf 79' lang='lat' dir='ltr'>praestabat</span> <span class='ocrx_word' id='word_1_70' title='bbox 1278 603 1414 649; x_wconf 86' lang='lat' dir='ltr'>latera,</span> <span class='ocrx_word' id='word_1_71' title='bbox 1448 614 1520 641; x_wconf 89' lang='lat' dir='ltr'>nec</span> <span class='ocrx_word' id='word_1_72' title='bbox 1545 615 1592 641; x_wconf 81' lang='lat' dir='ltr'>ex</span> 
     </span>
     <span class='ocr_line' id='line_1_12' title="bbox 180 659 1592 711; baseline -0.001 -13"><span class='ocrx_word' id='word_1_73' title='bbox 180 659 297 710; x_wconf 88' lang='lat' dir='ltr'>longo</span> <span class='ocrx_word' id='word_1_74' title='bbox 318 661 442 711; x_wconf 83' lang='lat' dir='ltr'>spatio</span> <span class='ocrx_word' id='word_1_75' title='bbox 464 665 530 699; x_wconf 90' lang='lat' dir='ltr'>aut</span> <span class='ocrx_word' id='word_1_76' title='bbox 552 660 768 699; x_wconf 91' lang='lat' dir='ltr'>cedendum</span> <span class='ocrx_word' id='word_1_77' title='bbox 788 666 853 698; x_wconf 89' lang='lat' dir='ltr'>aut</span> <span class='ocrx_word' id='word_1_78' title='bbox 880 660 1048 710; x_wconf 88' lang='lat' dir='ltr'>impetus</span> <span class='ocrx_word' id='word_1_79' title='bbox 1070 659 1268 698; x_wconf 84' lang='lat' dir='ltr'>faciendus</span> <span class='ocrx_word' id='word_1_80' title='bbox 1290 664 1388 705; x_wconf 91' lang='lat' dir='ltr'>erat,</span> <span class='ocrx_word' id='word_1_81' title='bbox 1413 670 1509 709; x_wconf 86' lang='lat' dir='ltr'>quae</span> <span class='ocrx_word' id='word_1_82' title='bbox 1531 670 1592 697; x_wconf 91' lang='lat' dir='ltr'>res</span> 
     </span>
    </p>
   </div>
   <div class='ocr_carea' id='block_1_10' title="bbox 112 715 1593 756">
    <p class='ocr_par' dir='ltr' id='par_1_10' title="bbox 112 715 1593 756">
     <span class='ocr_line' id='line_1_13' title="bbox 112 715 1593 756; baseline -0.003 0"><span class='ocrx_word' id='word_1_83' title='bbox 112 723 154 756; x_wconf 87' lang='grc'>16</span> <span class='ocrx_word' id='word_1_84' title='bbox 183 715 338 754; x_wconf 88' lang='lat' dir='ltr'>turbare</span> <span class='ocrx_word' id='word_1_85' title='bbox 366 716 520 755; x_wconf 89' lang='lat' dir='ltr'>ordines</span> <span class='ocrx_word' id='word_1_86' title='bbox 548 717 658 755; x_wconf 89' lang='lat' dir='ltr'>solet.</span> <span class='ocrx_word' id='word_1_87' title='bbox 699 716 859 755; x_wconf 89' lang='lat' dir='ltr'>accessit</span> <span class='ocrx_word' id='word_1_88' title='bbox 886 716 1003 755; x_wconf 87' lang='lat' dir='ltr'>etiam</span> <span class='ocrx_word' id='word_1_89' title='bbox 1024 716 1182 754; x_wconf 83' lang='lat' dir='ltr'>fortuita</span> <span class='ocrx_word' id='word_1_90' title='bbox 1202 727 1263 754; x_wconf 90' lang='lat' dir='ltr'>res</span> <span class='ocrx_word' id='word_1_91' title='bbox 1284 715 1331 753; x_wconf 90' lang='lat' dir='ltr'>ad</span> <span class='ocrx_word' id='word_1_92' title='bbox 1353 715 1502 754; x_wconf 87' lang='lat' dir='ltr'>animos</span> <span class='ocrx_word' id='word_1_93' title='bbox 1524 726 1593 753; x_wconf 91' lang='lat' dir='ltr'>eo-</span> 
     </span>
    </p>
   </div>
   <div class='ocr_carea' id='block_1_11' title="bbox 183 770 1595 823">
    <p class='ocr_par' dir='ltr' id='par_1_11' title="bbox 183 770 1595 823">
     <span class='ocr_line' id='line_1_14' title="bbox 183 770 1595 823; baseline -0.001 -13"><span class='ocrx_word' id='word_1_94' title='bbox 183 784 272 810; x_wconf 90' lang='lat' dir='ltr'>rum</span> <span class='ocrx_word' id='word_1_95' title='bbox 293 772 524 811; x_wconf 83' lang='lat' dir='ltr'>firmandos:</span> <span class='ocrx_word' id='word_1_96' title='bbox 546 784 637 811; x_wconf 86' lang='lat' dir='ltr'>nam</span> <span class='ocrx_word' id='word_1_97' title='bbox 659 783 748 810; x_wconf 90' lang='lat' dir='ltr'>cum</span> <span class='ocrx_word' id='word_1_98' title='bbox 769 772 885 811; x_wconf 89' lang='lat' dir='ltr'>turris</span> <span class='ocrx_word' id='word_1_99' title='bbox 906 785 975 823; x_wconf 89' lang='lat' dir='ltr'>per</span> <span class='ocrx_word' id='word_1_100' title='bbox 996 784 1174 823; x_wconf 80' lang='lat' dir='ltr'>aggerem</span> <span class='ocrx_word' id='word_1_101' title='bbox 1190 784 1328 822; x_wconf 85' lang='lat' dir='ltr'>parum</span> <span class='ocrx_word' id='word_1_102' title='bbox 1349 771 1498 810; x_wconf 88' lang='lat' dir='ltr'>densati</span> <span class='ocrx_word' id='word_1_103' title='bbox 1519 770 1595 809; x_wconf 90' lang='lat' dir='ltr'>soli</span> 
     </span>
    </p>
   </div>
   <div class='ocr_carea' id='block_1_12' title="bbox 116 827 1593 879">
    <p class='ocr_par' dir='ltr' id='par_1_12' title="bbox 116 827 1593 879">
     <span class='ocr_line' id='line_1_15' title="bbox 116 827 1593 879; baseline -0.001 -12"><span class='ocrx_word' id='word_1_104' title='bbox 116 834 156 867; x_wconf 88' lang='lat'>17</span> <span class='ocrx_word' id='word_1_105' title='bbox 185 832 379 878; x_wconf 85' lang='lat' dir='ltr'>ageretur,</span> <span class='ocrx_word' id='word_1_106' title='bbox 408 832 492 866; x_wconf 89' lang='lat' dir='ltr'>rota</span> <span class='ocrx_word' id='word_1_107' title='bbox 513 839 590 866; x_wconf 88' lang='lat' dir='ltr'>una</span> <span class='ocrx_word' id='word_1_108' title='bbox 616 828 656 866; x_wconf 89' lang='lat' dir='ltr'>in</span> <span class='ocrx_word' id='word_1_109' title='bbox 685 828 862 866; x_wconf 85' lang='lat' dir='ltr'>altiorem</span> <span class='ocrx_word' id='word_1_110' title='bbox 890 829 1056 867; x_wconf 85' lang='lat' dir='ltr'>orbitam</span> <span class='ocrx_word' id='word_1_111' title='bbox 1079 828 1259 879; x_wconf 86' lang='lat' dir='ltr'>depressa</span> <span class='ocrx_word' id='word_1_112' title='bbox 1282 828 1334 865; x_wconf 88' lang='lat' dir='ltr'>ita</span> <span class='ocrx_word' id='word_1_113' title='bbox 1361 827 1503 866; x_wconf 86' lang='lat' dir='ltr'>turrim</span> <span class='ocrx_word' id='word_1_114' title='bbox 1532 827 1593 865; x_wconf 89' lang='lat' dir='ltr'>in-</span> 
     </span>
    </p>
   </div>
   <div class='ocr_carea' id='block_1_13' title="bbox 135 883 1596 1270">
    <p class='ocr_par' dir='ltr' id='par_1_13' title="bbox 183 883 1593 990">
     <span class='ocr_line' id='line_1_16' title="bbox 185 883 1593 934; baseline 0 -13"><span class='ocrx_word' id='word_1_115' title='bbox 185 883 356 929; x_wconf 85' lang='lat' dir='ltr'>clinavit,</span> <span class='ocrx_word' id='word_1_116' title='bbox 386 888 430 921; x_wconf 87' lang='lat' dir='ltr'>ut</span> <span class='ocrx_word' id='word_1_117' title='bbox 449 884 617 934; x_wconf 83' lang='lat' dir='ltr'>speciem</span> <span class='ocrx_word' id='word_1_118' title='bbox 639 884 786 922; x_wconf 89' lang='lat' dir='ltr'>ruentis</span> <span class='ocrx_word' id='word_1_119' title='bbox 806 884 983 923; x_wconf 75' lang='lat' dir='ltr'>hostibus</span> <span class='ocrx_word' id='word_1_120' title='bbox 1009 884 1397 934; x_wconf 85' lang='lat' dir='ltr'>[trepidationemque</span> <span class='ocrx_word' id='word_1_121' title='bbox 1417 883 1593 922; x_wconf 87' lang='lat' dir='ltr'>insanam</span> 
     </span>
     <span class='ocr_line' id='line_1_17' title="bbox 183 939 948 990; baseline -0.001 -13"><span class='ocrx_word' id='word_1_122' title='bbox 183 939 496 990; x_wconf 82' lang='lat' dir='ltr'>superstantibus</span> <span class='ocrx_word' id='word_1_123' title='bbox 517 939 686 988; x_wconf 80' lang='lat' dir='ltr'>armatis]</span> <span class='ocrx_word' id='word_1_124' title='bbox 715 939 948 990; x_wconf 88' lang='lat' dir='ltr'>praebuerit.</span> 
     </span>
    </p>

    <p class='ocr_par' dir='ltr' id='par_1_14' title="bbox 135 993 1596 1270">
     <span class='ocr_line' id='line_1_18' title="bbox 299 993 1593 1045; baseline 0 -13"><span class='ocrx_word' id='word_1_125' title='bbox 299 994 396 1032; x_wconf 90' lang='lat' dir='ltr'>Cum</span> <span class='ocrx_word' id='word_1_126' title='bbox 424 1007 564 1045; x_wconf 88' lang='lat' dir='ltr'>parum</span> <span class='ocrx_word' id='word_1_127' title='bbox 592 995 798 1045; x_wconf 87' lang='lat' dir='ltr'>quicquam</span> <span class='ocrx_word' id='word_1_128' title='bbox 827 995 1069 1040; x_wconf 86' lang='lat' dir='ltr'>succederet,</span> <span class='ocrx_word' id='word_1_129' title='bbox 1108 994 1243 1033; x_wconf 91' lang='lat' dir='ltr'>consul</span> <span class='ocrx_word' id='word_1_130' title='bbox 1275 993 1437 1032; x_wconf 89' lang='lat' dir='ltr'>minime</span> <span class='ocrx_word' id='word_1_131' title='bbox 1471 1006 1593 1044; x_wconf 85' lang='lat' dir='ltr'>aequo</span> 
     </span>
     <span class='ocr_line' id='line_1_19' title="bbox 183 1049 1593 1102; baseline 0.001 -15"><span class='ocrx_word' id='word_1_132' title='bbox 183 1049 313 1088; x_wconf 87' lang='lat' dir='ltr'>animo</span> <span class='ocrx_word' id='word_1_133' title='bbox 336 1051 667 1101; x_wconf 87' lang='lat' dir='ltr'>comparationem</span> <span class='ocrx_word' id='word_1_134' title='bbox 688 1050 858 1089; x_wconf 86' lang='lat' dir='ltr'>militum</span> <span class='ocrx_word' id='word_1_135' title='bbox 878 1051 1029 1102; x_wconf 86' lang='lat' dir='ltr'>generis</span> <span class='ocrx_word' id='word_1_136' title='bbox 1053 1062 1332 1102; x_wconf 86' lang='lat' dir='ltr'>armorumque</span> <span class='ocrx_word' id='word_1_137' title='bbox 1361 1050 1444 1089; x_wconf 87' lang='lat' dir='ltr'>fieri</span> <span class='ocrx_word' id='word_1_138' title='bbox 1471 1050 1593 1101; x_wconf 85' lang='lat' dir='ltr'>patie-</span> 
     </span>
     <span class='ocr_line' id='line_1_20' title="bbox 135 1105 1596 1158; baseline 0.001 -14"><span class='ocrx_word' id='word_1_139' title='bbox 135 1112 156 1145; x_wconf 88' lang='lat'>2</span> <span class='ocrx_word' id='word_1_140' title='bbox 183 1105 317 1152; x_wconf 85' lang='lat' dir='ltr'>batur,</span> <span class='ocrx_word' id='word_1_141' title='bbox 338 1106 451 1144; x_wconf 90' lang='lat' dir='ltr'>simul</span> <span class='ocrx_word' id='word_1_142' title='bbox 473 1118 545 1145; x_wconf 83' lang='lat' dir='ltr'>nec</span> <span class='ocrx_word' id='word_1_143' title='bbox 567 1112 757 1145; x_wconf 86' lang='lat' dir='ltr'>maturam</span> <span class='ocrx_word' id='word_1_144' title='bbox 781 1107 1024 1158; x_wconf 81' lang='lat' dir='ltr'>expugnandi</span> <span class='ocrx_word' id='word_1_145' title='bbox 1041 1119 1151 1157; x_wconf 90' lang='lat' dir='ltr'>spem</span> <span class='ocrx_word' id='word_1_146' title='bbox 1168 1119 1239 1145; x_wconf 82' lang='lat' dir='ltr'>neo</span> <span class='ocrx_word' id='word_1_147' title='bbox 1254 1107 1445 1145; x_wconf 87' lang='lat' dir='ltr'>rationem</span> <span class='ocrx_word' id='word_1_148' title='bbox 1460 1106 1596 1157; x_wconf 89' lang='lat' dir='ltr'>procul</span> 
     </span>
     <span class='ocr_line' id='line_1_21' title="bbox 184 1162 1596 1202; baseline 0.001 -2"><span class='ocrx_word' id='word_1_149' title='bbox 184 1174 206 1200; x_wconf 90' lang='lat' dir='ltr'>a</span> <span class='ocrx_word' id='word_1_150' title='bbox 225 1162 324 1200; x_wconf 89' lang='lat' dir='ltr'>mari</span> <span class='ocrx_word' id='word_1_151' title='bbox 345 1166 383 1201; x_wconf 87' lang='lat' dir='ltr'>et</span> <span class='ocrx_word' id='word_1_152' title='bbox 403 1162 442 1200; x_wconf 93' lang='lat' dir='ltr'>in</span> <span class='ocrx_word' id='word_1_153' title='bbox 462 1163 643 1202; x_wconf 79' lang='lat' dir='ltr'>evastatis</span> <span class='ocrx_word' id='word_1_154' title='bbox 662 1163 751 1201; x_wconf 90' lang='lat' dir='ltr'>belli</span> <span class='ocrx_word' id='word_1_155' title='bbox 772 1163 940 1202; x_wconf 87' lang='lat' dir='ltr'>cladibus</span> <span class='ocrx_word' id='word_1_156' title='bbox 962 1163 1055 1201; x_wconf 90' lang='lat' dir='ltr'>locis</span> <span class='ocrx_word' id='word_1_157' title='bbox 1076 1162 1306 1201; x_wconf 89' lang='lat' dir='ltr'>hibernandi</span> <span class='ocrx_word' id='word_1_158' title='bbox 1321 1162 1439 1201; x_wconf 90' lang='lat' dir='ltr'>ullam</span> <span class='ocrx_word' id='word_1_159' title='bbox 1461 1174 1596 1201; x_wconf 86' lang='lat' dir='ltr'>cerne-</span> 
     </span>
     <span class='ocr_line' id='line_1_22' title="bbox 137 1216 1596 1270; baseline 0.001 -14"><span class='ocrx_word' id='word_1_160' title='bbox 137 1223 157 1256; x_wconf 86' lang='lat'><strong>3</strong></span> <span class='ocrx_word' id='word_1_161' title='bbox 183 1216 261 1256; x_wconf 87' lang='lat' dir='ltr'>bat.</span> <span class='ocrx_word' id='word_1_162' title='bbox 292 1217 424 1269; x_wconf 88' lang='lat' dir='ltr'>itaque</span> <span class='ocrx_word' id='word_1_163' title='bbox 443 1219 573 1257; x_wconf 86' lang='lat' dir='ltr'>relicta</span> <span class='ocrx_word' id='word_1_164' title='bbox 589 1218 807 1265; x_wconf 91' lang='lat' dir='ltr'>obsidione,</span> <span class='ocrx_word' id='word_1_165' title='bbox 831 1220 919 1270; x_wconf 90' lang='lat' dir='ltr'>quia</span> <span class='ocrx_word' id='word_1_166' title='bbox 935 1219 1063 1258; x_wconf 86' lang='lat' dir='ltr'>nullus</span> <span class='ocrx_word' id='word_1_167' title='bbox 1078 1218 1119 1257; x_wconf 92' lang='lat' dir='ltr'>in</span> <span class='ocrx_word' id='word_1_168' title='bbox 1133 1223 1215 1257; x_wconf 85' lang='lat' dir='ltr'>tota</span> <span class='ocrx_word' id='word_1_169' title='bbox 1229 1219 1463 1258; x_wconf 87' lang='lat' dir='ltr'>Acarnaniae</span> <span class='ocrx_word' id='word_1_170' title='bbox 1480 1224 1596 1270; x_wconf 88' lang='lat' dir='ltr'>atque</span> 
     </span>
    </p>
   </div>
   <div class='ocr_carea' id='block_1_14' title="bbox 187 1318 860 2610">
    <p class='ocr_par' dir='ltr' id='par_1_15' title="bbox 187 1318 860 2382">
     <span class='ocr_line' id='line_1_23' title="bbox 187 1318 854 1359; baseline 0.004 -11"><span class='ocrx_word' id='word_1_171' title='bbox 187 1318 333 1358; x_wconf 85' lang='lat' dir='ltr'>gebildet</span> <span class='ocrx_word' id='word_1_172' title='bbox 356 1318 508 1358; x_wconf 85' lang='lat' dir='ltr'>werden,</span> <span class='ocrx_word' id='word_1_173' title='bbox 532 1319 598 1358; x_wconf 85' lang='lat' dir='ltr'>vgl.</span> <span class='ocrx_word' id='word_1_174' title='bbox 624 1319 682 1359; x_wconf 85' lang='lat'>33,</span> <span class='ocrx_word' id='word_1_175' title='bbox 700 1320 737 1358; x_wconf 82' lang='lat'>9,</span> <span class='ocrx_word' id='word_1_176' title='bbox 756 1321 786 1351; x_wconf 83' lang='lat'>5.</span> <span class='ocrx_word' id='word_1_177' title='bbox 810 1338 854 1343; x_wconf 91' lang='lat'>—</span> 
     </span>
     <span class='ocr_line' id='line_1_24' title="bbox 187 1363 854 1404; baseline 0.003 -11"><span class='ocrx_word' id='word_1_178' title='bbox 187 1363 338 1404; x_wconf 75' lang='lat' dir='ltr'>ingentis</span> <span class='ocrx_word' id='word_1_179' title='bbox 368 1363 477 1404; x_wconf 55' lang='lat' dir='ltr'>longa,</span> <span class='ocrx_word' id='word_1_180' title='bbox 505 1373 532 1394; x_wconf 88' lang='lat' dir='ltr'>s.</span> <span class='ocrx_word' id='word_1_181' title='bbox 556 1364 614 1404; x_wconf 89' lang='lat'>31,</span> <span class='ocrx_word' id='word_1_182' title='bbox 638 1364 690 1403; x_wconf 73' lang='grc'>39,</span> <span class='ocrx_word' id='word_1_183' title='bbox 718 1364 775 1396; x_wconf 87' lang='lat'>10:</span> <span class='ocrx_word' id='word_1_184' title='bbox 800 1364 854 1404; x_wconf 84' lang='lat'>33,</span> 
     </span>
     <span class='ocr_line' id='line_1_25' title="bbox 188 1406 855 1450; baseline 0.004 -12"><span class='ocrx_word' id='word_1_185' title='bbox 188 1406 220 1447; x_wconf 85' lang='lat'>9,</span> <span class='ocrx_word' id='word_1_186' title='bbox 253 1407 311 1447; x_wconf 78' lang='lat'>103</span> <span class='ocrx_word' id='word_1_187' title='bbox 342 1406 457 1450; x_wconf 61' lang='lat' dir='ltr'>Polyb.</span> <span class='ocrx_word' id='word_1_188' title='bbox 485 1407 534 1446; x_wconf 81' lang='lat'>18,</span> <span class='ocrx_word' id='word_1_189' title='bbox 562 1408 619 1439; x_wconf 80' lang='lat'>12:</span> <span class='ocrx_word' id='word_1_190' title='bbox 649 1408 689 1440; x_wconf 87' lang='grc' dir='ltr'>τὸ</span> <span class='ocrx_word' id='word_1_191' title='bbox 717 1408 755 1440; x_wconf 77' lang='grc' dir='ltr'>δὲ</span> <span class='ocrx_word' id='word_1_192' title='bbox 782 1409 855 1441; x_wconf 79' lang='grc' dir='ltr'>τῶν</span> 
     </span>
     <span class='ocr_line' id='line_1_26' title="bbox 189 1449 856 1497; baseline 0.006 -15"><span class='ocrx_word' id='word_1_193' title='bbox 189 1452 381 1494; x_wconf 82' lang='grc' dir='ltr'><em>σαρισσῶν</em></span> <span class='ocrx_word' id='word_1_194' title='bbox 397 1449 562 1495; x_wconf 74' lang='grc' dir='ltr'><em>μέγεθός</em></span> <span class='ocrx_word' id='word_1_195' title='bbox 581 1451 660 1485; x_wconf 75' lang='grc' dir='ltr'><em>ἔστι</em></span> <span class='ocrx_word' id='word_1_196' title='bbox 678 1451 767 1484; x_wconf 78' lang='grc' dir='ltr'><em>κατὰ</em></span> <span class='ocrx_word' id='word_1_197' title='bbox 786 1453 856 1497; x_wconf 78' lang='grc' dir='ltr'>μὲν</span> 
     </span>
     <span class='ocr_line' id='line_1_27' title="bbox 188 1492 856 1539; baseline 0.003 -12"><span class='ocrx_word' id='word_1_198' title='bbox 188 1492 252 1536; x_wconf 79' lang='grc' dir='ltr'>τὴν</span> <span class='ocrx_word' id='word_1_199' title='bbox 275 1494 312 1533; x_wconf 74' lang='grc' dir='ltr'>ἐξ</span> <span class='ocrx_word' id='word_1_200' title='bbox 329 1493 444 1539; x_wconf 76' lang='grc' dir='ltr'><em>ἀρχῆς</em></span> <span class='ocrx_word' id='word_1_201' title='bbox 460 1493 646 1530; x_wconf 72' lang='grc' dir='ltr'><em>ὑπόθεσιν</em></span> <span class='ocrx_word' id='word_1_202' title='bbox 662 1497 856 1530; x_wconf 78' lang='grc' dir='ltr'><em>ἑκκαίδεκα</em></span> 
     </span>
     <span class='ocr_line' id='line_1_28' title="bbox 189 1538 857 1586; baseline 0.004 -15"><span class='ocrx_word' id='word_1_203' title='bbox 189 1542 332 1582; x_wconf 81' lang='grc' dir='ltr'><em>πηχῶν,</em></span> <span class='ocrx_word' id='word_1_204' title='bbox 351 1538 441 1572; x_wconf 83' lang='grc' dir='ltr'><strong><em>κατὰ</em></strong></span> <span class='ocrx_word' id='word_1_205' title='bbox 460 1539 501 1573; x_wconf 75' lang='grc' dir='ltr'>δὲ</span> <span class='ocrx_word' id='word_1_206' title='bbox 518 1539 583 1581; x_wconf 84' lang='grc' dir='ltr'>τὴν</span> <span class='ocrx_word' id='word_1_207' title='bbox 601 1539 772 1586; x_wconf 77' lang='grc' dir='ltr'><em>ἁρμογὴν</em></span> <span class='ocrx_word' id='word_1_208' title='bbox 790 1542 857 1584; x_wconf 85' lang='grc' dir='ltr'>τὴν</span> 
     </span>
     <span class='ocr_line' id='line_1_29' title="bbox 189 1582 856 1630; baseline 0.006 -14"><span class='ocrx_word' id='word_1_209' title='bbox 189 1584 286 1630; x_wconf 83' lang='grc' dir='ltr'><strong><em>πρὸς</em></strong></span> <span class='ocrx_word' id='word_1_210' title='bbox 299 1584 362 1626; x_wconf 77' lang='grc' dir='ltr'>τὴν</span> <span class='ocrx_word' id='word_1_211' title='bbox 375 1582 552 1626; x_wconf 77' lang='grc' dir='ltr'><em>ἀλήθειαν</em></span> <span class='ocrx_word' id='word_1_212' title='bbox 566 1585 856 1629; x_wconf 64' lang='grc' dir='ltr'>δεκατεσσάρων,</span> 
     </span>
     <span class='ocr_line' id='line_1_30' title="bbox 189 1627 859 1677; baseline 0.004 -17"><span class='ocrx_word' id='word_1_213' title='bbox 189 1627 330 1662; x_wconf 79' lang='grc' dir='ltr'>τούτων</span> <span class='ocrx_word' id='word_1_214' title='bbox 347 1629 388 1662; x_wconf 78' lang='grc' dir='ltr'>δὲ</span> <span class='ocrx_word' id='word_1_215' title='bbox 406 1628 491 1666; x_wconf 76' lang='grc' dir='ltr'><em>τοὺς</em></span> <span class='ocrx_word' id='word_1_216' title='bbox 507 1632 688 1675; x_wconf 78' lang='grc' dir='ltr'><em>τέσσαρας</em></span> <span class='ocrx_word' id='word_1_217' title='bbox 704 1630 859 1677; x_wconf 77' lang='grc' dir='ltr'><em>ἀφαιρεῖ</em></span> 
     </span>
     <span class='ocr_line' id='line_1_31' title="bbox 189 1673 857 1720; baseline 0.006 -15"><span class='ocrx_word' id='word_1_218' title='bbox 189 1673 231 1706; x_wconf 83' lang='grc' dir='ltr'>τὸ</span> <span class='ocrx_word' id='word_1_219' title='bbox 253 1673 390 1717; x_wconf 82' lang='grc' dir='ltr'><em>μεταξὺ</em></span> <span class='ocrx_word' id='word_1_220' title='bbox 414 1678 496 1707; x_wconf 79' lang='grc' dir='ltr'><em>ταῖν</em></span> <span class='ocrx_word' id='word_1_221' title='bbox 515 1678 645 1719; x_wconf 81' lang='grc' dir='ltr'><em>χεροῖν</em></span> <span class='ocrx_word' id='word_1_222' title='bbox 671 1674 857 1720; x_wconf 77' lang='grc' dir='ltr'><em>διάστημα</em></span> 
     </span>
     <span class='ocr_line' id='line_1_32' title="bbox 189 1716 858 1764; baseline 0.004 -14"><span class='ocrx_word' id='word_1_223' title='bbox 189 1719 250 1750; x_wconf 87' lang='grc' dir='ltr'>καὶ</span> <span class='ocrx_word' id='word_1_224' title='bbox 272 1717 314 1750; x_wconf 81' lang='grc' dir='ltr'>τὸ</span> <span class='ocrx_word' id='word_1_225' title='bbox 333 1716 491 1752; x_wconf 83' lang='grc' dir='ltr'><em>κατόπιν</em></span> <span class='ocrx_word' id='word_1_226' title='bbox 514 1717 666 1764; x_wconf 87' lang='grc' dir='ltr'><em>σήκωμα</em></span> <span class='ocrx_word' id='word_1_227' title='bbox 685 1721 745 1761; x_wconf 82' lang='grc' dir='ltr'>τῆς</span> <span class='ocrx_word' id='word_1_228' title='bbox 764 1734 858 1763; x_wconf 80' lang='grc' dir='ltr'><em>προ-</em></span> 
     </span>
     <span class='ocr_line' id='line_1_33' title="bbox 189 1763 857 1808; baseline 0.006 -14"><span class='ocrx_word' id='word_1_229' title='bbox 189 1764 308 1804; x_wconf 84' lang='grc' dir='ltr'><em>βολῆς.</em></span> <span class='ocrx_word' id='word_1_230' title='bbox 332 1782 376 1787; x_wconf 84' lang='lat'>—</span> <span class='ocrx_word' id='word_1_231' title='bbox 397 1763 519 1796; x_wconf 75' lang='lat' dir='ltr'>densit.</span> <span class='ocrx_word' id='word_1_232' title='bbox 549 1765 639 1808; x_wconf 60' lang='lat' dir='ltr'>clip„</span> <span class='ocrx_word' id='word_1_233' title='bbox 669 1766 773 1797; x_wconf 87' lang='lat' dir='ltr'>durch</span> <span class='ocrx_word' id='word_1_234' title='bbox 800 1767 857 1798; x_wconf 85' lang='lat' dir='ltr'>das</span> 
     </span>
     <span class='ocr_line' id='line_1_34' title="bbox 189 1808 860 1851; baseline 0.007 -13"><span class='ocrx_word' id='word_1_235' title='bbox 189 1808 548 1850; x_wconf 71' lang='lat' dir='ltr'>Aneinanderdriingen</span> <span class='ocrx_word' id='word_1_236' title='bbox 578 1810 738 1851; x_wconf 82' lang='lat' dir='ltr'>gebildet,</span> <span class='ocrx_word' id='word_1_237' title='bbox 769 1812 860 1843; x_wconf 82' lang='lat' dir='ltr'>st&#39;ar-</span> 
     </span>
     <span class='ocr_line' id='line_1_35' title="bbox 191 1852 857 1897; baseline 0.006 -14"><span class='ocrx_word' id='word_1_238' title='bbox 191 1852 252 1883; x_wconf 87' lang='lat' dir='ltr'>ker</span> <span class='ocrx_word' id='word_1_239' title='bbox 275 1853 326 1884; x_wconf 87' lang='lat' dir='ltr'>als</span> <span class='ocrx_word' id='word_1_240' title='bbox 350 1853 464 1885; x_wconf 80' lang='lat' dir='ltr'>densis</span> <span class='ocrx_word' id='word_1_241' title='bbox 480 1855 567 1897; x_wconf 67' lang='lat' dir='ltr'>clip„</span> <span class='ocrx_word' id='word_1_242' title='bbox 596 1855 694 1887; x_wconf 89' lang='lat' dir='ltr'>Diod.</span> <span class='ocrx_word' id='word_1_243' title='bbox 717 1856 767 1895; x_wconf 90' lang='lat'>17,</span> <span class='ocrx_word' id='word_1_244' title='bbox 798 1856 857 1887; x_wconf 80' lang='lat'>58:</span> 
     </span>
     <span class='ocr_line' id='line_1_36' title="bbox 191 1894 858 1940; baseline 0.006 -12"><span class='ocrx_word' id='word_1_245' title='bbox 191 1894 384 1940; x_wconf 81' lang='grc' dir='ltr'><em>φάλαγγος</em></span> <span class='ocrx_word' id='word_1_246' title='bbox 410 1898 715 1940; x_wconf 79' lang='grc' dir='ltr'>συνασπιζούσης.</span> <span class='ocrx_word' id='word_1_247' title='bbox 741 1918 780 1923; x_wconf 80' lang='lat'>—-</span> <span class='ocrx_word' id='word_1_248' title='bbox 808 1903 858 1931; x_wconf 77' lang='lat' dir='ltr'>te-</span> 
     </span>
     <span class='ocr_line' id='line_1_37' title="bbox 188 1940 857 1985; baseline 0.006 -13"><span class='ocrx_word' id='word_1_249' title='bbox 188 1940 294 1981; x_wconf 64' lang='lat' dir='ltr'>stud„</span> <span class='ocrx_word' id='word_1_250' title='bbox 317 1942 391 1973; x_wconf 87' lang='lat' dir='ltr'>hier</span> <span class='ocrx_word' id='word_1_251' title='bbox 407 1942 471 1973; x_wconf 88' lang='lat' dir='ltr'>wie</span> <span class='ocrx_word' id='word_1_252' title='bbox 492 1944 543 1981; x_wconf 90' lang='lat'>10,</span> <span class='ocrx_word' id='word_1_253' title='bbox 567 1943 619 1983; x_wconf 84' lang='grc'>29,</span> <span class='ocrx_word' id='word_1_254' title='bbox 646 1945 698 1983; x_wconf 89' lang='lat'>12,</span> <span class='ocrx_word' id='word_1_255' title='bbox 716 1945 783 1984; x_wconf 83' lang='lat' dir='ltr'>vgl.</span> <span class='ocrx_word' id='word_1_256' title='bbox 804 1945 857 1985; x_wconf 88' lang='grc'>31,</span> 
     </span>
     <span class='ocr_line' id='line_1_38' title="bbox 191 1985 858 2030; baseline 0.007 -14"><span class='ocrx_word' id='word_1_257' title='bbox 191 1986 246 2025; x_wconf 88' lang='grc'>40,</span> <span class='ocrx_word' id='word_1_258' title='bbox 271 1985 308 2024; x_wconf 87' lang='grc'>3;</span> <span class='ocrx_word' id='word_1_259' title='bbox 335 1986 389 2025; x_wconf 87' lang='grc'>34,</span> <span class='ocrx_word' id='word_1_260' title='bbox 412 1987 465 2028; x_wconf 91' lang='grc'>39,</span> <span class='ocrx_word' id='word_1_261' title='bbox 489 1988 520 2019; x_wconf 84' lang='grc'>6.</span> <span class='ocrx_word' id='word_1_262' title='bbox 549 2006 587 2010; x_wconf 93' lang='grc'><strong>-</strong></span> <span class='ocrx_word' id='word_1_263' title='bbox 604 1991 763 2030; x_wconf 72' lang='lat' dir='ltr'>siquam,</span> <span class='ocrx_word' id='word_1_264' title='bbox 788 1990 858 2021; x_wconf 86' lang='lat' dir='ltr'>col-</span> 
     </span>
     <span class='ocr_line' id='line_1_39' title="bbox 191 2030 857 2073; baseline 0.008 -12"><span class='ocrx_word' id='word_1_265' title='bbox 191 2030 297 2062; x_wconf 81' lang='lat' dir='ltr'>lectiv</span> <span class='ocrx_word' id='word_1_266' title='bbox 326 2031 359 2062; x_wconf 89' lang='lat' dir='ltr'>in</span> <span class='ocrx_word' id='word_1_267' title='bbox 386 2031 496 2073; x_wconf 83' lang='lat' dir='ltr'>Bezug</span> <span class='ocrx_word' id='word_1_268' title='bbox 524 2031 583 2063; x_wconf 84' lang='lat' dir='ltr'>auf</span> <span class='ocrx_word' id='word_1_269' title='bbox 606 2033 658 2064; x_wconf 85' lang='lat' dir='ltr'>die</span> <span class='ocrx_word' id='word_1_270' title='bbox 683 2034 857 2066; x_wconf 89' lang='lat' dir='ltr'>einzelnen</span> 
     </span>
     <span class='ocr_line' id='line_1_40' title="bbox 192 2074 858 2115; baseline 0.009 -10"><span class='ocrx_word' id='word_1_271' title='bbox 192 2074 305 2115; x_wconf 66' lang='lat' dir='ltr'>Falle;</span> <span class='ocrx_word' id='word_1_272' title='bbox 328 2075 410 2107; x_wconf 85' lang='lat' dir='ltr'>eben</span> <span class='ocrx_word' id='word_1_273' title='bbox 433 2087 469 2107; x_wconf 90' lang='lat' dir='ltr'>so</span> <span class='ocrx_word' id='word_1_274' title='bbox 494 2077 637 2109; x_wconf 86' lang='lat' dir='ltr'>nachher</span> <span class='ocrx_word' id='word_1_275' title='bbox 659 2079 790 2110; x_wconf 73' lang='lat' dir='ltr'>hastile.</span> <span class='ocrx_word' id='word_1_276' title='bbox 813 2097 858 2103; x_wconf 88' lang='lat'>-—</span> 
     </span>
     <span class='ocr_line' id='line_1_41' title="bbox 192 2118 859 2164; baseline 0.009 -14"><span class='ocrx_word' id='word_1_277' title='bbox 192 2118 291 2158; x_wconf 77' lang='lat' dir='ltr'>velut,</span> <span class='ocrx_word' id='word_1_278' title='bbox 306 2120 374 2161; x_wconf 82' lang='lat' dir='ltr'>vgl.</span> <span class='ocrx_word' id='word_1_279' title='bbox 386 2120 438 2162; x_wconf 88' lang='lat'>31,</span> <span class='ocrx_word' id='word_1_280' title='bbox 453 2121 576 2161; x_wconf 87' lang='lat'>39,10;</span> <span class='ocrx_word' id='word_1_281' title='bbox 592 2122 684 2164; x_wconf 85' lang='lat'>24,2,</span> <span class='ocrx_word' id='word_1_282' title='bbox 694 2123 725 2162; x_wconf 85' lang='lat'>8,</span> <span class='ocrx_word' id='word_1_283' title='bbox 740 2124 859 2164; x_wconf 80' lang='lat' dir='ltr'>geh&#39;o&#39;rt</span> 
     </span>
     <span class='ocr_line' id='line_1_42' title="bbox 192 2164 859 2210; baseline 0.007 -15"><span class='ocrx_word' id='word_1_284' title='bbox 192 2175 234 2195; x_wconf 91' lang='lat' dir='ltr'>zu</span> <span class='ocrx_word' id='word_1_285' title='bbox 246 2164 381 2205; x_wconf 72' lang='lat' dir='ltr'>vallum,</span> <span class='ocrx_word' id='word_1_286' title='bbox 396 2166 462 2206; x_wconf 86' lang='lat' dir='ltr'>vgl.</span> <span class='ocrx_word' id='word_1_287' title='bbox 478 2166 531 2205; x_wconf 92' lang='grc'>31,</span> <span class='ocrx_word' id='word_1_288' title='bbox 548 2166 600 2207; x_wconf 88' lang='grc'>23,</span> <span class='ocrx_word' id='word_1_289' title='bbox 615 2167 650 2198; x_wconf 90' lang='lat'>9:</span> <span class='ocrx_word' id='word_1_290' title='bbox 668 2171 859 2210; x_wconf 57' lang='lat' dir='ltr'>tamquarm</span> 
     </span>
     <span class='ocr_line' id='line_1_43' title="bbox 192 2208 857 2255; baseline 0.009 -16"><span class='ocrx_word' id='word_1_291' title='bbox 192 2208 246 2248; x_wconf 88' lang='grc'>36,</span> <span class='ocrx_word' id='word_1_292' title='bbox 264 2209 315 2250; x_wconf 85' lang='lat'>18,</span> <span class='ocrx_word' id='word_1_293' title='bbox 329 2209 364 2248; x_wconf 78' lang='lat'>63</span> <span class='ocrx_word' id='word_1_294' title='bbox 380 2209 410 2251; x_wconf 89' lang='lat'>8,</span> <span class='ocrx_word' id='word_1_295' title='bbox 425 2209 456 2250; x_wconf 88' lang='grc'>8,</span> <span class='ocrx_word' id='word_1_296' title='bbox 474 2211 528 2242; x_wconf 87' lang='grc'>10;</span> <span class='ocrx_word' id='word_1_297' title='bbox 546 2211 746 2244; x_wconf 74' lang='lat' dir='ltr'>haudseeus</span> <span class='ocrx_word' id='word_1_298' title='bbox 758 2224 857 2255; x_wconf 83' lang='lat' dir='ltr'>quam</span> 
     </span>
     <span class='ocr_line' id='line_1_44' title="bbox 192 2252 858 2297; baseline 0.009 -13"><span class='ocrx_word' id='word_1_299' title='bbox 192 2252 275 2285; x_wconf 84' lang='lat' dir='ltr'>vallo</span> <span class='ocrx_word' id='word_1_300' title='bbox 292 2257 411 2297; x_wconf 79' lang='lat' dir='ltr'>saepta</span> <span class='ocrx_word' id='word_1_301' title='bbox 427 2256 624 2288; x_wconf 76' lang='lat' dir='ltr'>inhorrebat</span> <span class='ocrx_word' id='word_1_302' title='bbox 639 2260 744 2297; x_wconf 74' lang='lat' dir='ltr'>acies,</span> <span class='ocrx_word' id='word_1_303' title='bbox 763 2257 858 2290; x_wconf 85' lang='lat' dir='ltr'>Curt.</span> 
     </span>
     <span class='ocr_line' id='line_1_45' title="bbox 191 2298 859 2344; baseline 0.009 -15"><span class='ocrx_word' id='word_1_304' title='bbox 191 2298 223 2339; x_wconf 85' lang='lat'>4,</span> <span class='ocrx_word' id='word_1_305' title='bbox 241 2298 295 2338; x_wconf 88' lang='grc'>57,</span> <span class='ocrx_word' id='word_1_306' title='bbox 315 2299 373 2330; x_wconf 90' lang='lat'>15:</span> <span class='ocrx_word' id='word_1_307' title='bbox 391 2299 474 2331; x_wconf 79' lang='lat' dir='ltr'>vallo</span> <span class='ocrx_word' id='word_1_308' title='bbox 489 2301 611 2333; x_wconf 72' lang='lat' dir='ltr'>similis</span> <span class='ocrx_word' id='word_1_309' title='bbox 626 2304 716 2334; x_wconf 76' lang='lat' dir='ltr'>acies</span> <span class='ocrx_word' id='word_1_310' title='bbox 732 2303 859 2344; x_wconf 78' lang='lat' dir='ltr'>&lt;Mace-</span> 
     </span>
     <span class='ocr_line' id='line_1_46' title="bbox 192 2341 434 2382; baseline 0.008 -9"><span class='ocrx_word' id='word_1_311' title='bbox 192 2341 328 2382; x_wconf 83' lang='lat' dir='ltr'>donum)</span> <span class='ocrx_word' id='word_1_312' title='bbox 347 2347 434 2376; x_wconf 81' lang='lat' dir='ltr'>erat.</span> 
     </span>
    </p>

    <p class='ocr_par' dir='ltr' id='par_1_16' title="bbox 188 2387 857 2610">
     <span class='ocr_line' id='line_1_47' title="bbox 240 2387 857 2431; baseline 0.01 -13"><span class='ocrx_word' id='word_1_313' title='bbox 240 2387 358 2420; x_wconf 85' lang='lat'>15-17.</span> <span class='ocrx_word' id='word_1_314' title='bbox 390 2391 503 2431; x_wconf 80' lang='lat' dir='ltr'>utraq.</span> <span class='ocrx_word' id='word_1_315' title='bbox 521 2392 559 2430; x_wconf 79' lang='lat' dir='ltr'>t.‚</span> <span class='ocrx_word' id='word_1_316' title='bbox 582 2390 613 2430; x_wconf 84' lang='lat'>9,</span> <span class='ocrx_word' id='word_1_317' title='bbox 632 2391 683 2431; x_wconf 85' lang='lat'>12,</span> <span class='ocrx_word' id='word_1_318' title='bbox 702 2391 733 2423; x_wconf 91' lang='grc'>2.</span> <span class='ocrx_word' id='word_1_319' title='bbox 751 2411 794 2415; x_wconf 77' lang='lat'>—</span> <span class='ocrx_word' id='word_1_320' title='bbox 811 2404 857 2424; x_wconf 68' lang='lat' dir='ltr'>ex</span> 
     </span>
     <span class='ocr_line' id='line_1_48' title="bbox 190 2430 854 2475; baseline 0.011 -13"><span class='ocrx_word' id='word_1_321' title='bbox 190 2430 291 2473; x_wconf 77' lang='lat' dir='ltr'>longo</span> <span class='ocrx_word' id='word_1_322' title='bbox 314 2443 382 2475; x_wconf 59' lang='lat' dir='ltr'>sp„</span> <span class='ocrx_word' id='word_1_323' title='bbox 412 2445 477 2466; x_wconf 92' lang='lat' dir='ltr'>von</span> <span class='ocrx_word' id='word_1_324' title='bbox 504 2434 610 2466; x_wconf 84' lang='lat' dir='ltr'>einem</span> <span class='ocrx_word' id='word_1_325' title='bbox 638 2435 766 2469; x_wconf 86' lang='lat' dir='ltr'>Punkte</span> <span class='ocrx_word' id='word_1_326' title='bbox 795 2448 854 2469; x_wconf 84' lang='lat' dir='ltr'>aus</span> 
     </span>
     <span class='ocr_line' id='line_1_49' title="bbox 191 2476 855 2514; baseline 0.012 -8"><span class='ocrx_word' id='word_1_327' title='bbox 191 2476 273 2507; x_wconf 85' lang='lat' dir='ltr'>nach</span> <span class='ocrx_word' id='word_1_328' title='bbox 302 2477 407 2509; x_wconf 87' lang='lat' dir='ltr'>einem</span> <span class='ocrx_word' id='word_1_329' title='bbox 430 2477 618 2512; x_wconf 85' lang='lat' dir='ltr'>entfernten</span> <span class='ocrx_word' id='word_1_330' title='bbox 642 2492 704 2513; x_wconf 86' lang='lat' dir='ltr'>vor</span> <span class='ocrx_word' id='word_1_331' title='bbox 721 2499 736 2505; x_wconf 86' lang='lat'>-</span> <span class='ocrx_word' id='word_1_332' title='bbox 755 2482 855 2514; x_wconf 86' lang='lat' dir='ltr'>riick-</span> 
     </span>
     <span class='ocr_line' id='line_1_50' title="bbox 190 2520 854 2568; baseline 0.014 -18"><span class='ocrx_word' id='word_1_333' title='bbox 190 2520 294 2552; x_wconf 84' lang='lat' dir='ltr'>w&#39;a&#39;rts</span> <span class='ocrx_word' id='word_1_334' title='bbox 323 2522 393 2553; x_wconf 88' lang='lat' dir='ltr'>sich</span> <span class='ocrx_word' id='word_1_335' title='bbox 421 2524 588 2565; x_wconf 85' lang='lat' dir='ltr'>bewegen.</span> <span class='ocrx_word' id='word_1_336' title='bbox 620 2543 664 2549; x_wconf 85' lang='lat'><strong>—</strong></span> <span class='ocrx_word' id='word_1_337' title='bbox 691 2537 774 2568; x_wconf 82' lang='lat' dir='ltr'>quae</span> <span class='ocrx_word' id='word_1_338' title='bbox 798 2538 854 2559; x_wconf 76' lang='lat' dir='ltr'>res</span> 
     </span>
     <span class='ocr_line' id='line_1_51' title="bbox 188 2567 851 2610; baseline 0.014 -15"><span class='ocrx_word' id='word_1_339' title='bbox 188 2569 265 2607; x_wconf 65' lang='lat' dir='ltr'>etc„</span> <span class='ocrx_word' id='word_1_340' title='bbox 289 2567 355 2606; x_wconf 74' lang='lat' dir='ltr'>vgl.</span> <span class='ocrx_word' id='word_1_341' title='bbox 379 2567 432 2610; x_wconf 86' lang='lat'>33,</span> <span class='ocrx_word' id='word_1_342' title='bbox 458 2568 488 2610; x_wconf 88' lang='grc'>9,</span> <span class='ocrx_word' id='word_1_343' title='bbox 515 2570 564 2602; x_wconf 87' lang='lat'>10.</span> <span class='ocrx_word' id='word_1_344' title='bbox 589 2588 633 2594; x_wconf 92' lang='lat'>—-</span> <span class='ocrx_word' id='word_1_345' title='bbox 661 2571 796 2604; x_wconf 67' lang='lat' dir='ltr'>ordines</span> <span class='ocrx_word' id='word_1_346' title='bbox 821 2583 851 2604; x_wconf 92' lang='lat' dir='ltr'>n.</span> 
     </span>
    </p>
   </div>
   <div class='ocr_carea' id='block_1_15' title="bbox 924 1318 1599 2617">
    <p class='ocr_par' dir='ltr' id='par_1_17' title="bbox 924 1318 1599 2170">
     <span class='ocr_line' id='line_1_52' title="bbox 924 1318 1598 1363; baseline -0.001 -12"><span class='ocrx_word' id='word_1_347' title='bbox 924 1320 1151 1363; x_wconf 62' lang='lat' dir='ltr'>phalangisss‘—</span> <span class='ocrx_word' id='word_1_348' title='bbox 1161 1330 1284 1362; x_wconf 81' lang='lat' dir='ltr'>parum</span> <span class='ocrx_word' id='word_1_349' title='bbox 1304 1319 1410 1359; x_wconf 59' lang='lat' dir='ltr'>dens„</span> <span class='ocrx_word' id='word_1_350' title='bbox 1428 1320 1517 1351; x_wconf 80' lang='lat' dir='ltr'>nieht</span> <span class='ocrx_word' id='word_1_351' title='bbox 1532 1318 1598 1351; x_wconf 81' lang='lat' dir='ltr'>fest</span> 
     </span>
     <span class='ocr_line' id='line_1_53' title="bbox 927 1364 1596 1407; baseline 0.001 -12"><span class='ocrx_word' id='word_1_352' title='bbox 927 1375 1035 1406; x_wconf 82' lang='lat' dir='ltr'>genug</span> <span class='ocrx_word' id='word_1_353' title='bbox 1051 1364 1239 1407; x_wconf 84' lang='lat' dir='ltr'>gestampft.</span> <span class='ocrx_word' id='word_1_354' title='bbox 1258 1384 1301 1388; x_wconf 88' lang='lat'>--</span> <span class='ocrx_word' id='word_1_355' title='bbox 1319 1367 1394 1396; x_wconf 80' lang='lat' dir='ltr'>rota</span> <span class='ocrx_word' id='word_1_356' title='bbox 1411 1375 1456 1405; x_wconf 56' lang='grc' dir='ltr'>ω,</span> <span class='ocrx_word' id='word_1_357' title='bbox 1484 1374 1510 1396; x_wconf 87' lang='lat' dir='ltr'>s.</span> <span class='ocrx_word' id='word_1_358' title='bbox 1528 1364 1596 1396; x_wconf 87' lang='lat' dir='ltr'>Ve—</span> 
     </span>
     <span class='ocr_line' id='line_1_54' title="bbox 927 1409 1597 1452; baseline -0.001 -11"><span class='ocrx_word' id='word_1_359' title='bbox 927 1415 993 1450; x_wconf 85' lang='lat' dir='ltr'>get.</span> <span class='ocrx_word' id='word_1_360' title='bbox 1024 1411 1055 1450; x_wconf 85' lang='lat'>4,</span> <span class='ocrx_word' id='word_1_361' title='bbox 1088 1411 1145 1440; x_wconf 80' lang='lat'>17:</span> <span class='ocrx_word' id='word_1_362' title='bbox 1177 1410 1331 1441; x_wconf 74' lang='lat' dir='ltr'>turribus</span> <span class='ocrx_word' id='word_1_363' title='bbox 1358 1409 1474 1452; x_wconf 77' lang='lat' dir='ltr'>plures</span> <span class='ocrx_word' id='word_1_364' title='bbox 1503 1412 1597 1441; x_wconf 72' lang='lat' dir='ltr'>rotae</span> 
     </span>
     <span class='ocr_line' id='line_1_55' title="bbox 928 1454 1599 1495; baseline 0.001 -10"><span class='ocrx_word' id='word_1_365' title='bbox 928 1455 1120 1486; x_wconf 69' lang='lat' dir='ltr'>mechanica</span> <span class='ocrx_word' id='word_1_366' title='bbox 1136 1457 1211 1486; x_wconf 71' lang='lat' dir='ltr'>arte</span> <span class='ocrx_word' id='word_1_367' title='bbox 1230 1454 1431 1493; x_wconf 67' lang='lat' dir='ltr'>subduntur,</span> <span class='ocrx_word' id='word_1_368' title='bbox 1455 1464 1599 1495; x_wconf 75' lang='lat' dir='ltr'>quorum</span> 
     </span>
     <span class='ocr_line' id='line_1_56' title="bbox 929 1499 1599 1542; baseline 0 -12"><span class='ocrx_word' id='word_1_369' title='bbox 929 1499 1025 1542; x_wconf 78' lang='lat' dir='ltr'>lapsu</span> <span class='ocrx_word' id='word_1_370' title='bbox 1054 1500 1170 1531; x_wconf 70' lang='lat' dir='ltr'>mobili</span> <span class='ocrx_word' id='word_1_371' title='bbox 1202 1499 1401 1541; x_wconf 61' lang='lat' dir='ltr'>rlzagvzitudo</span> <span class='ocrx_word' id='word_1_372' title='bbox 1430 1501 1501 1530; x_wconf 82' lang='lat' dir='ltr'>tam</span> <span class='ocrx_word' id='word_1_373' title='bbox 1527 1499 1599 1530; x_wconf 80' lang='lat' dir='ltr'>alta</span> 
     </span>
     <span class='ocr_line' id='line_1_57' title="bbox 929 1542 1598 1585; baseline 0 -10"><span class='ocrx_word' id='word_1_374' title='bbox 929 1547 1114 1576; x_wconf 71' lang='lat' dir='ltr'>moveatur.</span> <span class='ocrx_word' id='word_1_375' title='bbox 1133 1562 1178 1568; x_wconf 92' lang='lat'>—</span> <span class='ocrx_word' id='word_1_376' title='bbox 1199 1544 1330 1583; x_wconf 57' lang='lat' dir='ltr'>altior„</span> <span class='ocrx_word' id='word_1_377' title='bbox 1359 1542 1457 1575; x_wconf 85' lang='lat' dir='ltr'>tiefer</span> <span class='ocrx_word' id='word_1_378' title='bbox 1486 1544 1598 1585; x_wconf 86' lang='lat' dir='ltr'>einge-</span> 
     </span>
     <span class='ocr_line' id='line_1_58' title="bbox 930 1588 1596 1632; baseline 0 -12"><span class='ocrx_word' id='word_1_379' title='bbox 930 1589 1067 1627; x_wconf 76' lang='lat' dir='ltr'>driickt3</span> <span class='ocrx_word' id='word_1_380' title='bbox 1091 1589 1261 1632; x_wconf 72' lang='lat' dir='ltr'>depressa,</span> <span class='ocrx_word' id='word_1_381' title='bbox 1286 1589 1436 1629; x_wconf 77' lang='lat' dir='ltr'>gesenkt,</span> <span class='ocrx_word' id='word_1_382' title='bbox 1455 1599 1482 1620; x_wconf 86' lang='lat' dir='ltr'>s.</span> <span class='ocrx_word' id='word_1_383' title='bbox 1502 1588 1596 1620; x_wconf 78' lang='lat' dir='ltr'>Curt.</span> 
     </span>
     <span class='ocr_line' id='line_1_59' title="bbox 931 1633 1596 1675; baseline 0 -11"><span class='ocrx_word' id='word_1_384' title='bbox 931 1635 961 1675; x_wconf 92' lang='lat'>4,</span> <span class='ocrx_word' id='word_1_385' title='bbox 986 1634 1039 1673; x_wconf 83' lang='lat'>26,</span> <span class='ocrx_word' id='word_1_386' title='bbox 1063 1634 1098 1664; x_wconf 81' lang='lat'>9:</span> <span class='ocrx_word' id='word_1_387' title='bbox 1129 1635 1254 1665; x_wconf 74' lang='lat' dir='ltr'>lemnus</span> <span class='ocrx_word' id='word_1_388' title='bbox 1281 1633 1452 1665; x_wconf 74' lang='lat' dir='ltr'>desidente</span> <span class='ocrx_word' id='word_1_389' title='bbox 1481 1633 1596 1665; x_wconf 83' lang='lat' dir='ltr'>sabulo</span> 
     </span>
     <span class='ocr_line' id='line_1_60' title="bbox 929 1678 1598 1720; baseline 0.001 -11"><span class='ocrx_word' id='word_1_390' title='bbox 929 1678 1121 1720; x_wconf 75' lang='lat' dir='ltr'>agilitatem</span> <span class='ocrx_word' id='word_1_391' title='bbox 1153 1681 1307 1710; x_wconf 76' lang='lat' dir='ltr'>rotarum</span> <span class='ocrx_word' id='word_1_392' title='bbox 1336 1678 1537 1710; x_wconf 79' lang='lat' dir='ltr'>morabatur</span> <span class='ocrx_word' id='word_1_393' title='bbox 1564 1681 1598 1710; x_wconf 72' lang='lat' dir='ltr'>et</span> 
     </span>
     <span class='ocr_line' id='line_1_61' title="bbox 930 1723 1595 1765; baseline 0.002 -11"><span class='ocrx_word' id='word_1_394' title='bbox 930 1723 1083 1754; x_wconf 80' lang='lat' dir='ltr'>tabulata</span> <span class='ocrx_word' id='word_1_395' title='bbox 1106 1726 1254 1755; x_wconf 73' lang='lat' dir='ltr'>tut-rium</span> <span class='ocrx_word' id='word_1_396' title='bbox 1271 1724 1516 1765; x_wconf 73' lang='lat' dir='ltr'>perfringebat</span> <span class='ocrx_word' id='word_1_397' title='bbox 1533 1728 1595 1755; x_wconf 85' lang='lat' dir='ltr'>etc.</span> 
     </span>
     <span class='ocr_line' id='line_1_62' title="bbox 931 1767 1598 1812; baseline 0 -13"><span class='ocrx_word' id='word_1_398' title='bbox 931 1787 971 1790; x_wconf 92' lang='lat'>—</span> <span class='ocrx_word' id='word_1_399' title='bbox 992 1767 1114 1811; x_wconf 76' lang='lat' dir='ltr'>trepz’d.</span> <span class='ocrx_word' id='word_1_400' title='bbox 1141 1787 1159 1791; x_wconf 62' lang='grc'>«</span> <span class='ocrx_word' id='word_1_401' title='bbox 1181 1769 1396 1812; x_wconf 74' lang='lat' dir='ltr'>praebuerit,</span> <span class='ocrx_word' id='word_1_402' title='bbox 1422 1767 1518 1800; x_wconf 82' lang='lat' dir='ltr'>dafiir</span> <span class='ocrx_word' id='word_1_403' title='bbox 1541 1769 1598 1799; x_wconf 82' lang='lat' dir='ltr'>hat</span> 
     </span>
     <span class='ocr_line' id='line_1_63' title="bbox 930 1813 1596 1851; baseline 0.003 -8"><span class='ocrx_word' id='word_1_404' title='bbox 930 1813 982 1844; x_wconf 86' lang='lat' dir='ltr'>die</span> <span class='ocrx_word' id='word_1_405' title='bbox 999 1813 1108 1844; x_wconf 83' lang='lat' dir='ltr'>Bamb.</span> <span class='ocrx_word' id='word_1_406' title='bbox 1132 1813 1189 1844; x_wconf 88' lang='lat' dir='ltr'>Hs.</span> <span class='ocrx_word' id='word_1_407' title='bbox 1219 1814 1314 1844; x_wconf 90' lang='lat' dir='ltr'>einen</span> <span class='ocrx_word' id='word_1_408' title='bbox 1338 1814 1452 1844; x_wconf 86' lang='lat' dir='ltr'>leeren</span> <span class='ocrx_word' id='word_1_409' title='bbox 1475 1813 1596 1851; x_wconf 80' lang='lat' dir='ltr'>Raum3</span> 
     </span>
     <span class='ocr_line' id='line_1_64' title="bbox 930 1857 1599 1900; baseline 0 -12"><span class='ocrx_word' id='word_1_410' title='bbox 930 1857 1208 1889; x_wconf 84' lang='lat' dir='ltr'>wahrscheinlich</span> <span class='ocrx_word' id='word_1_411' title='bbox 1224 1858 1296 1889; x_wconf 90' lang='lat' dir='ltr'>sind</span> <span class='ocrx_word' id='word_1_412' title='bbox 1314 1858 1365 1889; x_wconf 91' lang='lat' dir='ltr'>die</span> <span class='ocrx_word' id='word_1_413' title='bbox 1379 1857 1502 1890; x_wconf 82' lang='lat' dir='ltr'>Worte</span> <span class='ocrx_word' id='word_1_414' title='bbox 1521 1858 1599 1900; x_wconf 74' lang='lat' dir='ltr'>spii-</span> 
     </span>
     <span class='ocr_line' id='line_1_65' title="bbox 929 1902 1598 1943; baseline 0 -9"><span class='ocrx_word' id='word_1_415' title='bbox 929 1907 1002 1934; x_wconf 88' lang='lat' dir='ltr'>tere</span> <span class='ocrx_word' id='word_1_416' title='bbox 1019 1902 1237 1943; x_wconf 67' lang='lat' dir='ltr'>Erg&#39;zinzung3</span> <span class='ocrx_word' id='word_1_417' title='bbox 1262 1902 1465 1942; x_wconf 75' lang='lat' dir='ltr'>wenigstens</span> <span class='ocrx_word' id='word_1_418' title='bbox 1490 1902 1534 1933; x_wconf 87' lang='lat' dir='ltr'>ist</span> <span class='ocrx_word' id='word_1_419' title='bbox 1557 1913 1598 1934; x_wconf 92' lang='lat' dir='ltr'>zu</span> 
     </span>
     <span class='ocr_line' id='line_1_66' title="bbox 931 1946 1598 1990; baseline 0.001 -13"><span class='ocrx_word' id='word_1_420' title='bbox 931 1946 1143 1986; x_wconf 84' lang='lat' dir='ltr'>bezweiseln,</span> <span class='ocrx_word' id='word_1_421' title='bbox 1167 1947 1243 1979; x_wconf 87' lang='lat' dir='ltr'>dass</span> <span class='ocrx_word' id='word_1_422' title='bbox 1261 1947 1297 1978; x_wconf 94' lang='lat' dir='ltr'>L.</span> <span class='ocrx_word' id='word_1_423' title='bbox 1323 1948 1476 1978; x_wconf 75' lang='lat' dir='ltr'>insanam</span> <span class='ocrx_word' id='word_1_424' title='bbox 1493 1949 1598 1990; x_wconf 78' lang='lat' dir='ltr'>trepi-</span> 
     </span>
     <span class='ocr_line' id='line_1_67' title="bbox 930 1992 1596 2032; baseline 0.002 -10"><span class='ocrx_word' id='word_1_425' title='bbox 930 1992 1100 2023; x_wconf 74' lang='lat' dir='ltr'>dationem</span> <span class='ocrx_word' id='word_1_426' title='bbox 1128 1992 1344 2032; x_wconf 84' lang='lat' dir='ltr'>geschrieben</span> <span class='ocrx_word' id='word_1_427' title='bbox 1372 1992 1472 2031; x_wconf 89' lang='lat' dir='ltr'>habe,</span> <span class='ocrx_word' id='word_1_428' title='bbox 1503 2002 1596 2024; x_wconf 86' lang='lat' dir='ltr'>wenn</span> 
     </span>
     <span class='ocr_line' id='line_1_68' title="bbox 931 2036 1597 2080; baseline 0.003 -13"><span class='ocrx_word' id='word_1_429' title='bbox 931 2036 1001 2067; x_wconf 88' lang='lat' dir='ltr'>sich</span> <span class='ocrx_word' id='word_1_430' title='bbox 1018 2037 1101 2067; x_wconf 86' lang='lat' dir='ltr'>auch</span> <span class='ocrx_word' id='word_1_431' title='bbox 1121 2036 1171 2076; x_wconf 91' lang='lat'>10,</span> <span class='ocrx_word' id='word_1_432' title='bbox 1191 2037 1244 2076; x_wconf 79' lang='grc'>28,</span> <span class='ocrx_word' id='word_1_433' title='bbox 1271 2038 1310 2067; x_wconf 85' lang='grc'>10</span> <span class='ocrx_word' id='word_1_434' title='bbox 1333 2037 1422 2068; x_wconf 81' lang='lat' dir='ltr'>velut</span> <span class='ocrx_word' id='word_1_435' title='bbox 1443 2037 1597 2080; x_wconf 78' lang='lat' dir='ltr'>lympha-</span> 
     </span>
     <span class='ocr_line' id='line_1_69' title="bbox 930 2081 1597 2113; baseline 0.001 -1"><span class='ocrx_word' id='word_1_436' title='bbox 930 2083 1017 2112; x_wconf 78' lang='lat' dir='ltr'>ticus</span> <span class='ocrx_word' id='word_1_437' title='bbox 1034 2084 1149 2113; x_wconf 75' lang='lat' dir='ltr'>terror</span> <span class='ocrx_word' id='word_1_438' title='bbox 1165 2082 1230 2112; x_wconf 92' lang='lat' dir='ltr'>und</span> <span class='ocrx_word' id='word_1_439' title='bbox 1244 2081 1297 2113; x_wconf 84' lang='lat' dir='ltr'>bei</span> <span class='ocrx_word' id='word_1_440' title='bbox 1310 2081 1469 2113; x_wconf 84' lang='lat' dir='ltr'>Dichtern</span> <span class='ocrx_word' id='word_1_441' title='bbox 1480 2093 1597 2113; x_wconf 73' lang='lat' dir='ltr'>amens</span> 
     </span>
     <span class='ocr_line' id='line_1_70' title="bbox 930 2126 1595 2170; baseline 0.003 -14"><span class='ocrx_word' id='word_1_442' title='bbox 930 2128 1045 2158; x_wconf 79' lang='lat' dir='ltr'>terror</span> <span class='ocrx_word' id='word_1_443' title='bbox 1058 2126 1218 2158; x_wconf 76' lang='lat' dir='ltr'>findet.——</span> <span class='ocrx_word' id='word_1_444' title='bbox 1231 2129 1452 2170; x_wconf 62' lang='lat' dir='ltr'>superstant„</span> <span class='ocrx_word' id='word_1_445' title='bbox 1461 2127 1515 2167; x_wconf 73' lang='lat'>44,</span> <span class='ocrx_word' id='word_1_446' title='bbox 1524 2127 1554 2167; x_wconf 87' lang='lat'>9,</span> <span class='ocrx_word' id='word_1_447' title='bbox 1564 2127 1595 2158; x_wconf 84' lang='lat'>8.</span> 
     </span>
    </p>

    <p class='ocr_par' dir='ltr' id='par_1_18' title="bbox 928 2164 1598 2617">
     <span class='ocr_line' id='line_1_71' title="bbox 979 2164 1598 2214; baseline 0.002 -12"><span class='ocrx_word' id='word_1_448' title='bbox 979 2164 1045 2202; x_wconf 83' lang='grc'>18.</span> <span class='ocrx_word' id='word_1_449' title='bbox 1077 2171 1150 2202; x_wconf 85' lang='lat'>1—5.</span> <span class='ocrx_word' id='word_1_450' title='bbox 1179 2173 1366 2213; x_wconf 82' lang='lat' dir='ltr'>quicquam,</span> <span class='ocrx_word' id='word_1_451' title='bbox 1383 2172 1462 2203; x_wconf 89' lang='lat' dir='ltr'>weil</span> <span class='ocrx_word' id='word_1_452' title='bbox 1470 2182 1598 2214; x_wconf 79' lang='lat' dir='ltr'>parum</span> 
     </span>
     <span class='ocr_line' id='line_1_72' title="bbox 931 2215 1597 2256; baseline 0.003 -10"><span class='ocrx_word' id='word_1_453' title='bbox 931 2215 993 2246; x_wconf 87' lang='lat' dir='ltr'>wie</span> <span class='ocrx_word' id='word_1_454' title='bbox 1011 2225 1102 2255; x_wconf 80' lang='lat' dir='ltr'>rare,</span> <span class='ocrx_word' id='word_1_455' title='bbox 1120 2227 1148 2247; x_wconf 88' lang='lat' dir='ltr'>s.</span> <span class='ocrx_word' id='word_1_456' title='bbox 1166 2216 1220 2256; x_wconf 83' lang='lat'>21,</span> <span class='ocrx_word' id='word_1_457' title='bbox 1239 2216 1292 2256; x_wconf 83' lang='lat'>59,</span> <span class='ocrx_word' id='word_1_458' title='bbox 1311 2217 1340 2256; x_wconf 93' lang='lat'>7,</span> <span class='ocrx_word' id='word_1_459' title='bbox 1365 2217 1436 2248; x_wconf 90' lang='lat' dir='ltr'>sich</span> <span class='ocrx_word' id='word_1_460' title='bbox 1452 2217 1512 2248; x_wconf 88' lang='lat' dir='ltr'>der</span> <span class='ocrx_word' id='word_1_461' title='bbox 1529 2215 1597 2248; x_wconf 87' lang='lat' dir='ltr'>Ne-</span> 
     </span>
     <span class='ocr_line' id='line_1_73' title="bbox 930 2260 1596 2302; baseline 0.003 -11"><span class='ocrx_word' id='word_1_462' title='bbox 930 2260 1041 2300; x_wconf 86' lang='lat' dir='ltr'>gation</span> <span class='ocrx_word' id='word_1_463' title='bbox 1057 2261 1187 2293; x_wconf 67' lang='lat' dir='ltr'>nahert.</span> <span class='ocrx_word' id='word_1_464' title='bbox 1200 2279 1244 2285; x_wconf 94' lang='lat'>—</span> <span class='ocrx_word' id='word_1_465' title='bbox 1256 2261 1438 2299; x_wconf 66' lang='lat' dir='ltr'>suceeder„</span> <span class='ocrx_word' id='word_1_466' title='bbox 1454 2261 1596 2302; x_wconf 84' lang='lat' dir='ltr'>absolut,</span> 
     </span>
     <span class='ocr_line' id='line_1_74' title="bbox 931 2305 1597 2349; baseline 0.005 -14"><span class='ocrx_word' id='word_1_467' title='bbox 931 2315 957 2336; x_wconf 91' lang='lat' dir='ltr'>s.</span> <span class='ocrx_word' id='word_1_468' title='bbox 977 2305 1029 2345; x_wconf 82' lang='lat'>24,</span> <span class='ocrx_word' id='word_1_469' title='bbox 1063 2306 1113 2345; x_wconf 88' lang='grc'>19,</span> <span class='ocrx_word' id='word_1_470' title='bbox 1144 2306 1183 2345; x_wconf 72' lang='lat'>63</span> <span class='ocrx_word' id='word_1_471' title='bbox 1213 2306 1267 2345; x_wconf 84' lang='lat'>42,</span> <span class='ocrx_word' id='word_1_472' title='bbox 1292 2307 1345 2346; x_wconf 72' lang='lat'>58,</span> <span class='ocrx_word' id='word_1_473' title='bbox 1372 2307 1404 2338; x_wconf 87' lang='lat'>1:</span> <span class='ocrx_word' id='word_1_474' title='bbox 1427 2308 1597 2349; x_wconf 78' lang='lat' dir='ltr'>inceptum</span> 
     </span>
     <span class='ocr_line' id='line_1_75' title="bbox 929 2350 1597 2392; baseline 0.006 -12"><span class='ocrx_word' id='word_1_475' title='bbox 929 2359 994 2381; x_wconf 83' lang='lat' dir='ltr'>71on</span> <span class='ocrx_word' id='word_1_476' title='bbox 1023 2350 1232 2390; x_wconf 72' lang='lat' dir='ltr'>succedebat,</span> <span class='ocrx_word' id='word_1_477' title='bbox 1263 2351 1329 2392; x_wconf 87' lang='lat' dir='ltr'>vgl.</span> <span class='ocrx_word' id='word_1_478' title='bbox 1359 2351 1391 2391; x_wconf 87' lang='lat'>2,</span> <span class='ocrx_word' id='word_1_479' title='bbox 1419 2352 1473 2392; x_wconf 87' lang='lat'>45,</span> <span class='ocrx_word' id='word_1_480' title='bbox 1499 2353 1529 2383; x_wconf 86' lang='lat'>5.</span> <span class='ocrx_word' id='word_1_481' title='bbox 1552 2369 1597 2375; x_wconf 91' lang='lat'><strong>—</strong></span> 
     </span>
     <span class='ocr_line' id='line_1_76' title="bbox 928 2394 1595 2439; baseline 0.003 -14"><span class='ocrx_word' id='word_1_482' title='bbox 928 2394 998 2426; x_wconf 79' lang='lat' dir='ltr'>mil.</span> <span class='ocrx_word' id='word_1_483' title='bbox 1012 2398 1154 2437; x_wconf 76' lang='lat' dir='ltr'>generis</span> <span class='ocrx_word' id='word_1_484' title='bbox 1170 2406 1274 2435; x_wconf 75' lang='lat' dir='ltr'>a7·m.;</span> <span class='ocrx_word' id='word_1_485' title='bbox 1289 2398 1430 2439; x_wconf 72' lang='lat' dir='ltr'>generis</span> <span class='ocrx_word' id='word_1_486' title='bbox 1443 2407 1485 2427; x_wconf 94' lang='lat' dir='ltr'>zu</span> <span class='ocrx_word' id='word_1_487' title='bbox 1496 2395 1595 2428; x_wconf 73' lang='lat' dir='ltr'>milit.</span> 
     </span>
     <span class='ocr_line' id='line_1_77' title="bbox 928 2439 1592 2482; baseline 0.005 -12"><span class='ocrx_word' id='word_1_488' title='bbox 928 2439 1074 2480; x_wconf 85' lang='lat' dir='ltr'>bezogen</span> <span class='ocrx_word' id='word_1_489' title='bbox 1097 2441 1289 2473; x_wconf 86' lang='lat' dir='ltr'>bezeichnet</span> <span class='ocrx_word' id='word_1_490' title='bbox 1311 2441 1362 2472; x_wconf 86' lang='lat' dir='ltr'>die</span> <span class='ocrx_word' id='word_1_491' title='bbox 1379 2440 1542 2482; x_wconf 82' lang='lat' dir='ltr'>Phalanx,</span> <span class='ocrx_word' id='word_1_492' title='bbox 1567 2450 1592 2473; x_wconf 88' lang='lat' dir='ltr'>s.</span> 
     </span>
     <span class='ocr_line' id='line_1_78' title="bbox 928 2484 1594 2528; baseline 0.002 -13"><span class='ocrx_word' id='word_1_493' title='bbox 928 2484 960 2523; x_wconf 88' lang='grc'>9,</span> <span class='ocrx_word' id='word_1_494' title='bbox 981 2485 1031 2523; x_wconf 85' lang='grc'>19,</span> <span class='ocrx_word' id='word_1_495' title='bbox 1058 2486 1093 2517; x_wconf 87' lang='lat'>1:</span> <span class='ocrx_word' id='word_1_496' title='bbox 1116 2485 1166 2517; x_wconf 87' lang='lat' dir='ltr'>vel</span> <span class='ocrx_word' id='word_1_497' title='bbox 1180 2485 1326 2517; x_wconf 73' lang='lat' dir='ltr'>militum</span> <span class='ocrx_word' id='word_1_498' title='bbox 1340 2497 1487 2528; x_wconf 67' lang='lat' dir='ltr'>genere,</span> <span class='ocrx_word' id='word_1_499' title='bbox 1512 2486 1594 2517; x_wconf 81' lang='lat' dir='ltr'>iiber</span> 
     </span>
     <span class='ocr_line' id='line_1_79' title="bbox 929 2531 1593 2572; baseline 0.002 -12"><span class='ocrx_word' id='word_1_500' title='bbox 929 2539 1037 2560; x_wconf 70' lang='lat' dir='ltr'>oenus</span> <span class='ocrx_word' id='word_1_501' title='bbox 1058 2540 1235 2562; x_wconf 74' lang='lat' dir='ltr'>armorum</span> <span class='ocrx_word' id='word_1_502' title='bbox 1259 2541 1286 2562; x_wconf 90' lang='lat' dir='ltr'>s.</span> <span class='ocrx_word' id='word_1_503' title='bbox 1305 2541 1333 2562; x_wconf 79' lang='lat' dir='ltr'>c.</span> <span class='ocrx_word' id='word_1_504' title='bbox 1353 2531 1404 2572; x_wconf 84' lang='lat'>12,</span> <span class='ocrx_word' id='word_1_505' title='bbox 1429 2531 1467 2570; x_wconf 79' lang='lat'>23</span> <span class='ocrx_word' id='word_1_506' title='bbox 1493 2541 1520 2562; x_wconf 85' lang='lat' dir='ltr'>c.</span> <span class='ocrx_word' id='word_1_507' title='bbox 1543 2531 1593 2569; x_wconf 90' lang='lat'>17,</span> 
     </span>
     <span class='ocr_line' id='line_1_80' title="bbox 930 2574 1594 2617; baseline 0.003 -12"><span class='ocrx_word' id='word_1_508' title='bbox 930 2574 969 2605; x_wconf 88' lang='lat'>12</span> <span class='ocrx_word' id='word_1_509' title='bbox 986 2584 1018 2606; x_wconf 91' lang='lat' dir='ltr'>u.</span> <span class='ocrx_word' id='word_1_510' title='bbox 1035 2584 1064 2606; x_wconf 87' lang='lat' dir='ltr'>a.</span> <span class='ocrx_word' id='word_1_511' title='bbox 1082 2594 1125 2598; x_wconf 91' lang='lat'>—</span> <span class='ocrx_word' id='word_1_512' title='bbox 1142 2577 1174 2607; x_wconf 81' lang='lat' dir='ltr'>in</span> <span class='ocrx_word' id='word_1_513' title='bbox 1193 2578 1264 2607; x_wconf 81' lang='lat' dir='ltr'>tota</span> <span class='ocrx_word' id='word_1_514' title='bbox 1281 2594 1300 2598; x_wconf 98' lang='lat'><strong>—</strong></span> <span class='ocrx_word' id='word_1_515' title='bbox 1318 2585 1391 2617; x_wconf 78' lang='lat' dir='ltr'>ora,</span> <span class='ocrx_word' id='word_1_516' title='bbox 1408 2575 1452 2607; x_wconf 90' lang='lat' dir='ltr'>im</span> <span class='ocrx_word' id='word_1_517' title='bbox 1468 2585 1594 2617; x_wconf 82' lang='lat' dir='ltr'>ganzen</span> 
     </span>
    </p>
   </div>
   <div class='ocr_carea' id='block_1_16' title="bbox 923 2552 942 2570">
    <p class='ocr_par' dir='ltr' id='par_1_19' title="bbox 923 2552 942 2570">
     <span class='ocr_line' id='line_1_81' title="bbox 923 2552 942 2570; textangle 90"><span class='ocrx_word' id='word_1_518' title='bbox 923 2552 942 2570; x_wconf 72' lang='lat' dir='ltr'>Cr</span> 
     </span>
    </p>
   </div>
   <div class='ocr_carea' id='block_1_17' title="bbox 1690 1771 1715 2723">
    <p class='ocr_par' dir='ltr' id='par_1_20' title="bbox 1690 1771 1715 2723">
     <span class='ocr_line' id='line_1_82' title="bbox 1690 1771 1715 2723; baseline 0 0"><span class='ocrx_word' id='word_1_519' title='bbox 1690 1771 1715 2723; x_wconf 95' lang='lat' dir='ltr'> </span> 
     </span>
    </p>
   </div>
  </div>
 </body>
</html>
