1715 2723
70 71 97 89 a.
119 62 168 88 ch.
191 50 250 88 leo.

529 60 654 93 LIBER
677 60 855 94 XXXVII.
881 59 972 93 CAP.
1000 63 1029 94 7.

1410 60 1491 101 169

74 190 142 214 —,
169 166 315 204 referre
347 164 393 203 ad
420 177 514 203 suos
535 164 716 203 dixerunt
735 164 842 202 velle.
895 163 1076 202 Reditum
1099 162 1189 201 inde
1210 163 1401 215 Hypatam
1424 168 1491 210 est,
1514 166 1540 205 7

75 235 148 262 nec
169 221 375 260 eonsilium
399 221 694 272 expediebatur:
717 232 808 258 nam
831 232 970 270 neque,
993 219 1097 258 unde
1110 220 1213 258 mille
1225 220 1411 259 talentum
1423 220 1491 258 da-

74 285 192 325 retur,
213 283 303 324 erat,
325 283 361 316 et
379 278 570 328 permisso
590 276 710 315 libero
732 276 888 315 arbitrio
910 288 958 314 ne
978 276 1018 314 in
1043 288 1208 327 corpora
1231 289 1300 315 sua
1322 276 1491 315 saevire-

74 341 138 374 tur
150 365 159 381 ,
185 334 418 373 metuebant.

470 334 595 372 redire
624 332 753 382 itaque
784 332 942 371 eosdem
972 332 1116 382 legatos
1146 333 1193 370 ad
1225 333 1427 371 consulem
1457 338 1494 371 et
1513 344 1532 375 2

74 390 302 430 Africanum
324 391 523 429 iusserunt
543 394 579 428 et
597 394 740 439 petere,
763 394 816 434 ut,
837 389 868 426 si
881 388 971 426 dare
982 401 1071 426 vere
1084 400 1230 438 pacem,
1249 401 1330 427 non
1342 394 1494 428 tantum

76 447 292 493 ostendere,
323 449 553 485 frustrantes
585 457 695 495 spem
726 445 974 489 miserorum,
1006 445 1156 491 vellent,
1187 451 1253 484 aut
1273 458 1319 484 ex
1341 458 1495 484 summa

76 504 262 554 pecuniae
293 503 494 541 demerent
524 506 588 540 aut
612 501 910 551 permissionem
932 506 1037 538 extra
1059 501 1200 539 civium
1224 513 1390 552 corpora
1411 502 1495 541 fieri

74 559 265 599 iuberent.
294 560 387 597 nihil
408 559 656 608 impetratum
677 564 720 594 ut
740 562 906 595 mutaret
927 557 1084 602 eonsuh
1107 563 1143 595 et
1163 570 1204 596 ea
1218 559 1495 608 quoqueirrita
1514 568 1533 600 3

76 617 212 667 legatio
236 616 392 654 dimissa
414 620 481 653 est.
512 614 633 652 secuti
650 619 686 652 et
706 613 961 651 Athenienses
983 618 1096 659 sunt;
1129 619 1166 652 et
1185 614 1367 664 princeps
1390 615 1494 666 lega-
1514 626 1534 657 4

76 673 191 711 tionis
222 684 358 710 eorum
387 670 630 710 Echedemus
656 670 831 720 fatigatos
860 675 915 708 tot
946 669 1110 720 repulsis
1147 670 1302 708 Aetolos
1325 676 1362 709 et
1383 683 1494 709 com-

76 728 263 779 plorantis
293 727 418 766 inutili
438 727 709 765 lamentatione
734 728 932 764 fortunam
957 726 1080 776 gentis
1104 726 1149 764 ad
1170 738 1279 776 spem
1301 728 1497 766 revocavit

76 790 211 823 auctor
231 784 397 822 indutias
421 796 487 822 sex
510 785 706 822 mensium
726 783 893 834 petendi,
926 789 967 821 ut
987 783 1131 833 legatos
1154 783 1303 821 mittere
1328 783 1495 822 Romam

76 846 257 891 possent:
289 840 512 879 dilationem
543 840 638 878 nihil
665 840 710 878 ad
734 838 949 890 praesentia
971 839 1089 885 mala,
1119 839 1262 890 quippe
1287 851 1385 890 quae
1406 840 1494 879 ulti-
1516 853 1536 884 5

77 909 139 935 ma
160 902 299 943 essent,
321 897 579 943 adiecturam3
600 896 717 934 levari
739 908 809 946 per
828 896 970 933 multos
992 908 1103 934 casus
1124 901 1300 946 tempore
1317 896 1494 947 interpo-

77 954 149 992 sito
172 953 383 1003 praesentis
408 954 531 991 clades
554 965 681 1003 posse.
713 959 869 990 auctore
882 952 1101 990 Echedemo
1120 952 1223 990 idem
1237 953 1365 999 missi3
1387 953 1495 1003 prius
1515 968 1534 999 6

76 1010 308 1060 P.Scipione
329 1015 535 1054 convento,
560 1022 629 1059 per
650 1022 740 1047 eum
762 1008 929 1047 indutias
959 1009 1145 1058 temporis
1177 1008 1271 1055 eius,
1295 1010 1401 1059 quod
1426 1022 1495 1060 pe-

75 1066 218 1111 tebant,
241 1066 286 1104 ab
308 1067 466 1105 consule
487 1066 805 1116 impetraverunt.
847 1071 883 1103 et
904 1066 1027 1103 soluta
1049 1065 1249 1103 obsidione
1267 1066 1496 1116 Amphissae
1516 1079 1535 1110 7

76 1123 139 1160 Μ’.
162 1122 305 1160 Acilius
340 1123 475 1161 tradito
501 1123 650 1160 consuli
673 1122 841 1160 exercitu
864 1121 1066 1172 provincia
1087 1122 1262 1167 decessit,
1303 1127 1340 1160 et
1360 1123 1497 1161 consul

80 1178 127 1216 ab
149 1179 356 1229 Amphissa
380 1179 617 1217 Thessaliam
641 1178 789 1228 repetit,
814 1184 855 1216 ut
874 1190 943 1228 per
965 1178 1230 1216 Macedoniam
1246 1178 1496 1217 Thraeciam-

78 1246 154 1285 que
175 1235 334 1273 duceret
355 1235 395 1273 in
417 1235 559 1273 Asiam.

191 1292 291 1329 Tum
305 1291 511 1329 Africanus
524 1291 652 1329 fratri:
673 1291 780 1337 „iter,
805 1290 909 1340 quod
926 1290 1083 1337 insistis,
1104 1290 1145 1328 L.
1158 1291 1298 1340 Scipio,
1312 1304 1382 1342 ego
1393 1304 1495 1342 quo-
1517 1299 1535 1331 8

79 1359 153 1398 que
177 1347 374 1398 approbo;
397 1348 463 1386 sed
486 1354 612 1386 totum
632 1347 669 1385 id
692 1347 853 1386 vertitur
876 1347 915 1385 in
938 1347 1134 1385 voluntate
1156 1347 1344 1398 Philippi,
1379 1349 1445 1398 qui
1465 1349 1497 1387 si
1516 1356 1535 1388 9

75 1404 241 1454 imperio
266 1409 400 1443 nostro
421 1404 522 1443 fidus
544 1411 611 1449 est,
643 1409 680 1442 et
699 1404 770 1442 iter
790 1409 826 1442 et
845 1410 1085 1442 commeatus
1109 1409 1145 1442 et
1167 1404 1309 1451 omnia,
1337 1417 1435 1455 quae
1456 1405 1497 1443 in

76 1460 193 1511 longo
215 1461 351 1499 itinere
373 1461 563 1499 exercitus
585 1461 692 1499 alunt
711 1461 934 1511 iuvantque,
968 1460 1081 1498 nobis
1104 1461 1381 1510 suppeditabit3
1412 1462 1443 1500 si
1463 1462 1497 1500 is

124 1580 162 1619 7,
192 1585 287 1616 1-3,
318 1585 435 1623 exped,
464 1585 517 1624 25,
550 1585 600 1622 11,
633 1585 682 1616 16.
709 1601 754 1605 —

76 1630 162 1660 mille
199 1646 237 1651 ——
275 1631 355 1669 dar„
399 1630 450 1665 38,
492 1630 522 1669 8,
561 1630 610 1662 10.
642 1647 685 1650 ——
718 1631 753 1660 in

77 1685 161 1714 corp.
189 1685 246 1706 sua
271 1673 334 1705 wic
361 1675 414 1711 36,
441 1675 494 1714 28,
526 1675 554 1706 6.
580 1692 623 1696 ——
648 1686 685 1705 ex
708 1692 753 1696 ——

77 1721 196 1751 demere
233 1731 263 1751 n.
301 1721 436 1760 aliquid,
471 1730 495 1750 s.
539 1721 593 1758 34,
634 1722 686 1759 54,
715 1722 753 1752 5:

76 1766 230 1804 demptum
258 1776 294 1796 ex
317 1767 468 1806 diqm'tate
479 1767 605 1804 populi.
623 1783 668 1786 —
681 1776 753 1804 per-

76 1812 214 1843 mz'ssz'on.
243 1810 371 1841 scheint
399 1814 492 1841 sonst
516 1821 552 1841 so
578 1810 669 1841 nicht
695 1820 753 1851 ge-

76 1855 227 1891 braucht,
249 1856 332 1886 nach
346 1858 528 1894 permittere
550 1867 581 1888 se
601 1857 664 1887 und
682 1856 753 1887 dem

77 1900 198 1941 griech.
227 1897 408 1946 ἐπιτροπή
446 1906 563 1942 gesagt
596 1912 635 1932 zu
670 1901 751 1933 sein.

77 1964 120 1968 —
142 1953 240 1987 extra,
268 1949 322 1986 36,
349 1949 403 1986 21,
433 1949 490 1986 11;
517 1946 585 1978 Pol.
611 1957 635 1978 c.
665 1949 694 1986 5,
716 1949 754 1980 4:

76 1993 139 2033 τῆς
159 1992 361 2035 ἐπιτροπῆς
381 1991 480 2029 ἐκτὸς
496 1993 652 2034 ποιῆσαι
669 1991 755 2030 τοὺς

78 2036 289 2075 πολιτικοὺς
309 2033 446 2084 ἄνδρας
464 2039 524 2070 καὶ
543 2036 607 2075 τὰς
625 2041 754 2081 γυναῖ-

77 2095 151 2120 κας.
176 2101 219 2104 -
244 2085 328 2115 nihil
352 2086 437 2123 imp„
463 2084 564 2115 durch
589 2084 640 2115 die
665 2083 753 2115 Ver-

77 2127 224 2169 bindung
257 2129 313 2160 des
349 2128 504 2169 objectes
539 2140 603 2159 von
636 2136 756 2161 mutare

77 2172 137 2204 mit
176 2177 331 2213 impetrat.
358 2174 412 2205 'ist
447 2182 481 2207 ut
514 2178 576 2206 etc.
611 2175 663 2206 ein
700 2185 755 2206 er-

76 2218 256 2250 kliirender
303 2219 425 2251 Zusatz
477 2220 672 2261 geworden:
717 2230 751 2252 es

75 2265 190 2296 wurde
216 2264 248 2295 in
269 2264 384 2297 keiner
403 2265 588 2306 Beziehung
608 2266 752 2306 erlangt,

76 2309 151 2341 dass
178 2314 292 2342 etwas.
319 2329 362 2332 —
389 2318 416 2343 et
441 2329 483 2333 ——
503 2322 607 2353 quoq.‚
632 2311 697 2343 und
717 2321 753 2342 so

76 2355 189 2387 wurde
224 2357 318 2396 auch,
352 2357 418 2397 vgl.
453 2358 505 2396 21,
545 2359 596 2397 10,
631 2358 667 2397 1;
697 2358 750 2397 30,

78 2402 130 2440 10,
161 2402 209 2434 15.

121 2448 220 2479 4--7.
239 2448 430 2479 Echedemus
445 2446 530 2477 wird
543 2457 615 2478 >von
633 2446 752 2490 Polyb.

76 2491 175 2522 sehon
200 2492 253 2524 bei
279 2492 349 2524 dem
382 2503 408 2523 c.
444 2494 473 2529 6,
504 2495 523 2526 4
558 2493 751 2525 erw‘ahnten

820 1581 997 1614 Auftreten
1033 1587 1186 1623 genannt.
1215 1601 1258 1606 —
1283 1590 1403 1623 auctor,
1437 1583 1497 1615 da-

821 1628 942 1669 dureh,
999 1628 1073 1659 dass
1122 1638 1157 1660 er
1205 1629 1266 1660 den
1310 1628 1498 1669 Vorschlag·

820 1674 960 1713 machte,
981 1675 1034 1713 35,
1055 1675 1108 1714 35,
1131 1675 1162 1706 5.
1192 1676 1314 1713 ultima,
1335 1684 1360 1705 s.
1376 1676 1407 1714 4,
1419 1675 1449 1713 9,
1466 1676 1496 1706 3.

821 1730 921 1758 casus,
952 1717 1013 1751 διὰ
1039 1720 1179 1757 πολλὰς
1208 1721 1335 1756 αἰτίας.
1361 1737 1406 1742 —-
1431 1726 1497 1751 tra-

821 1767 884 1797 dito
909 1775 1020 1804 exera⁷
1046 1764 1173 1795 Acilius
1192 1766 1262 1803 hat⁷
1289 1764 1368 1797 weil
1387 1764 1497 1807 Scipio

822 1809 914 1841 nicht
940 1810 990 1841 bis
1010 1811 1091 1841 nach
1112 1810 1288 1853 Amphissa
1307 1811 1497 1851 gekomnlen

821 1855 876 1895 ist,
903 1856 960 1887 das
979 1855 1174 1887 Commando
1200 1854 1420 1896 fortgeffihrtg
1446 1857 1498 1888 (lie

822 1900 1013 1942 Uebergabe
1035 1901 1205 1933 desselben
1230 1901 1395 1933 berichtet
1414 1903 1499 1933 auch

822 1946 939 1988 Polyb.
980 1951 1048 1978 erst
1090 1947 1172 1987 hier,
1211 1958 1236 1978 e.
1275 1949 1305 1987 5,
1344 1948 1498 1979 erw'ahnt

823 1992 903 2023 aber
920 1992 972 2024 ein
997 1993 1054 2023 das
1080 1993 1269 2033 abgehende
1288 1994 1496 2025 ersetzendes

824 2037 908 2069 Heer
933 2037 1033 2077 nicht,
1060 2048 1084 2069 s.
1110 2049 1135 2069 c.
1162 2040 1192 2078 2,
1219 2039 1259 2079 83
1286 2041 1317 2079 4,
1345 2041 1373 2071 1.

869 2084 991 2116 8—11.
1018 2086 1087 2124 iter,
1108 2084 1168 2115 den
1187 2084 1393 2124 erwiihnten,
1422 2085 1497 2115 dass

824 2129 866 2160 du
893 2128 1003 2160 diesen
1042 2129 1175 2160 w'ahlst.
1201 2147 1245 2152 —
1272 2132 1359 2171 quod
1383 2132 1496 2169 insist„

824 2174 932 2206 Plaut.
950 2174 1030 2206 Cist.
1051 2177 1081 2215 4,
1104 2177 1134 2213 2,
1159 2177 1215 2208 11;
1241 2182 1351 2207 utrum
1377 2177 1436 2207 hae
1456 2187 1499 2206 cm

824 2223 896 2252 illac
918 2222 978 2252 iter
1002 2223 1173 2259 institerit,
1200 2221 1266 2261 vgl.
1285 2220 1377 2252 Caes
1400 2221 1434 2252 B.
1457 2220 1494 2252 G.

823 2267 853 2305 3,
884 2267 942 2299 14:
975 2276 1069 2307 quam
1101 2268 1255 2298 rationem
1281 2277 1411 2307 pchnae
1449 2269 1497 2297 in-

821 2314 985 2350 sisterent,·
1012 2312 1157 2352 dagegen
1178 2311 1213 2343 L.
1241 2313 1294 2350 24,
1321 2314 1352 2351 4,
1380 2314 1417 2345 5:
1447 2323 1495 2343 ve-

820 2359 921 2398 stz'qz'v's
946 2359 1098 2397 insistere,
1127 2359 1323 2398 disciplinae,
1351 2357 1418 2398 vgl.
1441 2358 1495 2397 37,

822 2404 875 2442 60,
919 2404 949 2435 2.
992 2421 1035 2425 —
1071 2409 1169 2434 totum
1207 2406 1250 2443 td,
1296 2403 1355 2434 der
1392 2412 1496 2444 ganze

820 2447 963 2489 Marsch,
1007 2448 1039 2479 in
1075 2448 1254 2479 Riicksicht
1292 2446 1352 2479 auf
1383 2448 1495 2479 seinen

820 2492 945 2534 Erfolg.
979 2512 1022 2516 —
1057 2496 1087 2525 si
1116 2496 1263 2526 destituat
1313 2506 1341 2526 n.
1373 2497 1496 2534 fidem,-
