1715 2723
243 117 326 158 272
672 114 794 147 LIBER
817 113 1008 147 xxxvln.
1037 113 1130 145 CAP.
1157 116 1186 146 4.
1213 116 1241 147 5.
1516 119 1541 137 a.
1559 111 1658 137 u.565.

242 232 309 257 rus
340 218 461 269 vergit
480 217 520 255 in
544 228 701 266 campos
725 221 761 254 et
779 215 938 261 flumen,
970 215 1219 262 occidentem,
1250 227 1328 262 arx,
1359 227 1456 266 quae
1478 215 1658 266 imposita

202 290 222 321 3
244 275 391 313 tumulo
414 278 480 319 est,
509 273 696 311 orientem
719 276 874 322 spectat.
903 271 1027 309 amnis
1050 271 1193 309 Aretho
1218 283 1264 309 ex
1286 271 1510 310 Athamania
1531 271 1656 310 fluens
1713 294 1715 306 2

243 330 340 369 cadit
368 330 409 367 in
438 329 566 367 sinum
597 328 713 366 maris
743 327 789 365 ab
823 328 982 365 nomine
1010 327 1253 378 propinquae
1281 327 1387 366 urbis
1407 327 1656 366 Ambracium
1713 334 1715 362 t

202 396 224 428 4
244 386 487 436 appellatum.
538 390 809 435 praeterquam
835 384 940 434 quod
971 383 1060 421 hinc
1082 383 1205 421 amnis
1229 384 1365 430 munit,
1397 384 1486 422 hinc
1506 384 1656 430 tumuli,

244 454 356 480 muro
388 453 545 492 quoque
575 441 687 479 firmo
719 445 848 491 saepta
877 445 968 486 erat,
999 445 1148 490 patente
1174 439 1215 477 in
1246 440 1407 478 circuitu
1436 440 1548 490 paulo
1571 452 1655 478 am-

203 508 222 538 5
242 498 341 548 plius
371 503 552 547 quattuor
571 497 671 535 milia
690 508 888 547 passuum.
915 496 1074 535 Fulvius
1094 496 1184 534 bina
1206 509 1226 534 a
1249 508 1384 546 campo
1409 502 1541 543 castra,
1568 508 1656 534 mo-

243 555 328 592 dico
349 554 449 592 inter
469 566 510 592 se
534 553 709 592 distantia
728 553 937 599 intervallo,
958 565 1082 591 unum
1105 553 1301 590 castellum
1312 553 1396 590 1000
1410 552 1509 590 edito
1523 557 1656 591 contra

201 620 222 652 6
242 622 370 648 arcem
400 610 562 657 obiecit3
591 622 634 648 ea
659 609 787 647 omnia
818 609 913 647 vallo
944 615 1057 659 atque
1086 610 1189 647 fossa
1208 609 1258 647 ita
1277 608 1437 659 iungere
1457 613 1577 659 parat,
1607 621 1656 647 ne

244 667 368 705 exitus
397 666 556 705 inclusis
581 666 626 704 ab
645 665 741 704 urbe
765 678 862 704 neve
882 665 1006 704 aditus
1027 665 1121 703 foris
1142 665 1188 703 ad
1209 665 1347 703 auxilia
1368 665 1657 704 intromittenda

241 729 352 761 esset.
392 723 437 761 ad
459 724 601 761 famam
626 722 922 773 oppugnationis
934 721 1158 760 Ambraciae
1169 722 1337 760 Stratum
1358 722 1433 760 iam
1453 721 1576 760 edicto
1588 721 1656 759 Ni-

203 789 221 820 7
242 779 374 818 candri
397 780 584 830 praetoris
606 778 1011 816 convenerantAetoli.
1041 778 1130 815 inde
1151 778 1277 828 primo
1288 778 1407 828 copiis
1419 778 1599 816 omnibus
1609 778 1655 816 ad

240 835 524 886 prohibendam
546 835 788 873 obsidionem
810 834 941 872 venire
960 834 1000 871 in
1017 834 1146 872 animo
1159 836 1302 880 fuerat,
1326 834 1426 880 dein,
1449 839 1655 884 postquam

240 892 380 930 urbem
406 892 482 929 iam
512 903 650 942 magna
677 903 723 929 ex
746 897 852 941 parte
873 890 1054 941 operibus
1075 895 1243 940 saeptam
1264 890 1452 936 viderunt,
1478 890 1656 940 Epirota-

241 961 331 986 rum
357 954 462 986 trans
491 948 639 986 flumen
668 947 752 985 loco
786 947 898 997 plano
928 952 1049 985 castra
1070 946 1192 996 posita
1212 958 1306 992 esse,
1336 946 1504 984 dividere
1528 946 1656 996 copias

202 1013 221 1046 8
240 1005 392 1055 placuit.
447 1016 534 1042 cum
578 1004 679 1042 mille
707 1003 892 1053 expeditis
922 1003 1160 1053 Eupolemus
1187 1002 1429 1041 Ambraciam
1459 1004 1656 1052 profectus

201 1074 221 1106 9
241 1072 310 1111 per
323 1060 501 1098 nondum
524 1060 729 1098 commissa
750 1060 900 1098 interse
914 1059 1154 1097 munimenta
1167 1058 1481 1097 urbemintravit.
1509 1059 1652 1097 Nican-

241 1118 311 1155 dro
356 1129 445 1155 011111
476 1123 599 1155 cetera
630 1128 747 1154 manu
778 1116 903 1166 primo
935 1116 1181 1165 Epirotarum
1211 1121 1332 1153 castra
1361 1120 1474 1153 nocte
1503 1115 1658 1165 adgredi

242 1174 447 1211 consilium
475 1176 600 1211 fuerat
620 1172 721 1211 haud
744 1172 843 1210 sacili
861 1172 907 1210 ab
928 1171 1112 1211 Romanis
1134 1171 1286 1218 auxilio,
1317 1172 1405 1221 quia
1427 1172 1573 1209 flumen
1593 1171 1655 1209 in-

183 1234 222 1266 10
241 1235 400 1276 tererat,
433 1229 531 1276 dein,
556 1229 817 1280 periculosum
838 1229 1035 1279 inceptum
1055 1235 1172 1274 ratus,
1203 1240 1252 1266 ne
1274 1240 1348 1278 qua
1369 1228 1555 1266 sentirent
1574 1228 1656 1266 Ro-

243 1286 345 1324 mani
367 1292 403 1324 et
423 1297 622 1336 regressus
643 1286 733 1323 inde
752 1286 793 1323 in
816 1290 898 1323 tuto
923 1297 1002 1323 non
1024 1291 1141 1330 esset,
1171 1284 1375 1323 deterritus
1397 1284 1442 1322 ab
1463 1284 1537 1322 hoc
1560 1296 1656 1322 con-

195 1345 221 1383 5
243 1343 325 1381 silio
352 1343 398 1381 ad
427 1342 738 1393 depopulandam
768 1341 1020 1379 Acarnaniam
1051 1341 1122 1379 iter
1153 1341 1351 1379 convertit.
1407 1340 1552 1379 Consul
1581 1340 1656 1378 iam

243 1399 506 1445 munimentis,
536 1398 677 1448 quibus
697 1398 901 1448 saepienda
924 1397 1017 1435 urbs
1040 1404 1129 1443 erat,
1157 1397 1232 1435 iam
1253 1396 1447 1447 operibus,
1470 1409 1567 1447 quae
1588 1396 1656 1434 ad-

243 1468 400 1494 movere
431 1455 553 1493 muris
584 1454 750 1505 parabat,
779 1454 957 1504 perfectis
989 1454 1160 1504 quinque
1181 1453 1297 1491 simul
1315 1453 1408 1491 locis
1428 1453 1579 1492 moenia
1601 1458 1658 1491 est

203 1517 222 1548 2
242 1512 457 1563 adgressus.
488 1512 558 1550 tria
585 1524 711 1564 opera
731 1510 887 1561 paribus
908 1509 1125 1556 intervallis,
1150 1510 1318 1548 faciliore
1340 1509 1443 1547 aditu
1464 1522 1484 1548 a
1508 1521 1656 1559 campo,

242 1633 371 1665 seheint
383 1637 475 1664 sonst
488 1633 581 1663 nicht
594 1632 856 1664 vorzukommen.
872 1650 915 1653 —

242 1682 276 1710 in
298 1689 414 1719 camp.²
442 1677 505 1709 wie
531 1680 592 1718 35,
625 1680 686 1718 23,
714 1679 750 1718 83
793 1680 837 1709 ad
861 1678 914 1718 37,

244 1726 296 1765 56,
324 1726 342 1756 3
368 1735 398 1755 11.
424 1734 451 1755 a.
482 1742 520 1746 —-
548 1735 585 1755 ex
608 1725 748 1763 Atham,
768 1723 826 1754 das
844 1722 914 1754 hds.

240 1782 279 1802 ex
304 1771 495 1802 Acarnania
512 1768 557 1800 ist
576 1769 642 1800 wol
664 1768 914 1807 verschricben3

244 1816 327 1846 doch
351 1816 435 1846 auch
459 1816 657 1847 Aclmmama
682 1814 773 1845 nicht
799 1823 914 1854 genau,

242 1872 268 1892 s.
284 1860 403 1891 Strabo
424 1860 505 1892 1.1.;
534 1856 797 1911 (Ξρχόμεποςέκ
817 1856 916 1905 Τύμ-

244 1919 316 1951 φης
340 1903 449 1951 ὄρους
471 1905 717 1945 (nordwestlich
735 1915 809 1936 vom
831 1904 932 1935 Lac-.

242 1962 316 1982 mon
334 1953 387 1991 32,
412 1953 463 1990 13,
485 1952 516 1990 2)
533 1953 595 1983 καὶ
614 1951 676 1993 τῆς
701 1952 917 1997 Παρωρειας

244 2001 307 2028 etc.
335 2015 373 2019 —
400 1999 518 2037 sinum,
542 1998 603 2028 (len
627 1981 821 2028 Meerbusen
852 2006 916 2026 von

243 2042 337 2073 Arta.
358 2059 402 2064 —
425 2045 548 2082 appell„
587 2043 676 2083 S.8,
715 2044 773 2081 15,
807 2044 845 2081 4;
888 2043 915 2080 1,

244 2089 307 2126 35,
347 2089 386 2129 9,
412 2088 595 2128 vgl..,c5
626 2088 916 2126 2314,1o.—

242 2135 366 2170 tumul„
392 2131 413 2174 ξ
438 2135 451 2166 1
478 2132 701 2164 Perlanthem.
726 2150 770 2155 -—
795 2143 829 2163 m
856 2134 917 2163 cir-

242 2181 339 2217 cuitu,
366 2180 420 2220 24,
450 2180 546 2219 3‚1;
572 2178 665 2209 Caes.
690 2178 723 2208 B.
749 2176 787 2209 G.
817 2179 845 2217 1,
874 2178 914 2210 21

242 2234 273 2255 u.
298 2234 328 2255 a

290 2270 410 2302 5—10.
438 2271 521 2301 inter
538 2280 569 2300 se
588 2271 670 2309 dist„
695 2267 761 2308 vgl.
781 2268 834 2308 32,
862 2268 915 2306 20,

245 2315 274 2346 2.
300 2333 345 2336 -
368 2317 413 2347 ita
438 2333 473 2336 —
504 2326 553 2355 oze,
578 2325 605 2347 S.
631 2315 693 2354 22,
720 2314 781 2354 61,
809 2314 847 2355 53
885 2312 916 2343 iu

245 2360 303 2391 der
319 2360 426 2392 Bamb.
446 2359 500 2391 Hs.
519 2359 603 2391 fehlt
626 2362 683 2402 ita,
708 2358 771 2390 wie
802 2359 855 2395 25,
885 2360 915 2398 5,

249 2406 307 2445 103
333 2405 400 2446 vgl.
427 2405 492 2437 Cic.
518 2404 592 2437 Fat.
621 2406 672 2445 13,
698 2406 751 2437 29.
777 2421 819 2425 —-
844 2405 916 2434 iun-

240 2461 332 2491 gere,
359 2450 422 2482 wie
447 2452 507 2491 25,
533 2452 594 2492 22,
628 2452 686 2484 10:
721 2450 915 2482 continuare.

246 2512 289 2517 --
313 2497 422 2536 δέν-αὴ,
452 2497 505 2536 36,
535 2498 586 2536 11,
615 2498 645 2529 6.
669 2513 705 2518 —
734 2496 839 2535 edicto,
867 2494 916 2525 als

245 2540 381 2582 Strateg
404 2541 491 2573 kann
516 2551 552 2573 er
576 2540 816 2581 Aushebungen
842 2549 916 2571 ver-

983 1631 1161 1662 anstalten.
1179 1648 1223 1653 —
1240 1633 1389 1672 transfl„
1404 1631 1489 1662 nach
1506 1630 1656 1663 &Vestem

984 1679 1133 1709 —dz'vid.
1158 1687 1221 1716 cop.
1244 1679 1303 1717 pl„
1331 1686 1355 1708 c,
1374 1678 1405 1717 3,
1424 1678 1462 1716 93
1489 1678 1542 1717 35,
1557 1678 1610 1716 47,
1626 1678 1655 1709 2.

985 1740 1028 1744 ——
1052 1725 1168 1762 exped„
1195 1724 1248 1762 34,
1274 1724 1328 1763 28,
1355 1723 1393 1762 33
1421 1723 1474 1762 22,
1498 1723 1548 1761 16,
1569 1723 1657 1754 2.-

981 1779 1039 1807 per
1062 1780 1094 1799 oz.
1121 1778 1236 1805 comm„
1263 1767 1327 1799 wie
1347 1768 1400 1807 37,
1428 1769 1479 1808 18,
1507 1769 1535 1800 7.
1574 1778 1658 1799 com-

984 1816 1090 1853 missa,
1119 1824 1143 1845 5.
1170 1823 1195 1844 0.
1220 1815 1250 1852 7,
1275 1814 1333 1852 1ος
1358 1814 1411 1852 39,
1432 1814 1461 1852 2,
1483 1814 1540 1853 10,
1566 1812 1657 1845 Curt.

985 1861 1024 1900 4,
1064 1861 1124 1899 10,
1152 1860 1210 1891 16:
1248 1861 1357 1897 moles,
1384 1869 1465 1899 quae
1487 1860 1660 1890 continenti

984 1906 1092 1936 urbem
1117 1906 1332 1941 committerem
1358 1903 1421 1934 wie
1448 1904 1570 1934 vorher
1584 1906 1653 1935 iun-

983 1959 1072 1991 9ere3
1100 1950 1157 1981 der
1180 1948 1369 1990 Gegensatz
1394 1948 1438 1980 ist
1464 1951 1657 1990 intermissa,

985 1997 1039 2033 24,
1073 1996 1126 2036 35,
1153 1996 1182 2028 8.
1208 2012 1252 2016 -—
1272 1995 1405 2034 cons-f.
1432 1996 1570 2036 aqqrede',
1597 1996 1650 2034 37,

986 2042 1039 2082 37,
1062 2042 1092 2073 5.
1120 2058 1162 2062 -
1186 2041 1274 2072 haud
1286 2040 1503 2080 faa—aux„
1525 2041 1594 2078 c.5,
1614 2041 1655 2079 23

987 2088 1040 2125 36,
1055 2088 1086 2127 6,
1101 2087 1130 2118 2.
1153 2088 1279 2125 intuw,
1306 2086 1359 2125 33,
1383 2086 1413 2123 8,
1442 2086 1503 2118 11:
1528 2087 1563 2116 in
1589 2090 1657 2116 tuto

984 2138 1124 2171 receptus
1147 2138 1237 2170 erat;
1263 2129 1365 2172 praef.
1392 2131 1429 2169 33
1455 2130 1601 2171 (lagegen
1626 2139 1653 2161 c.

986 2178 1017 2217 6,
1045 2179 1080 2209 7:
1113 2183 1177 2208 tuto
1200 2183 1334 2216 receptu.
1358 2194 1403 2198 —
1426 2186 1465 2207 oze
1489 2194 1532 2198 —
1560 2182 1587 2207 et
1613 2193 1657 2197 —

985 2233 1067 2263 own,
1106 2222 1169 2253 wie
1194 2226 1287 2253 sonst
1310 2233 1349 2253 ow
1372 2239 1416 2243 —
1438 2232 1510 2261 nec,
1536 2222 1574 2259 2,
1602 2221 1655 2260 32,

990 2269 1049 2309 10,
1083 2267 1163 2298 aber
1186 2267 1245 2298 mit
1270 2267 1439 2307 Betonung
1465 2266 1523 2297 der
1546 2265 1656 2306 Nega-

986 2313 1068 2353 tion,
1093 2324 1118 2344 5.
1143 2314 1196 2352 35,
1222 2313 1276 2351 48,
1305 2313 1334 2344 9.

1032 2356 1069 2394 5.
1100 2359 1194 2391 1-2-
1222 2359 1398 2397 saepienda,
1428 2357 1481 2395 33,
1508 2358 1539 2395 5,
1568 2357 1656 2388 6.—

985 2415 1080 2443 opera
1130 2403 1208 2434 oder
1252 2402 1304 2434 ein
1343 2401 1512 2433 iihnliches
1555 2400 1657 2433 Wort

985 2448 1114 2480 seheint
1179 2448 1261 2479 nach
1324 2449 1387 2479 tria
1441 2444 1655 2487 ausgefallen,

986 2493 1102 2546 Polyb.
1136 2495 1196 2526 27:
1233 2495 1315 2539 τρία
1351 2491 1422 2543 μὲν
1446 2491 1542 2543 ἔργα
1563 2488 1656 2524 κατὰ

986 2536 1027 2572 τὸ
1061 2536 1247 2586 Πύροειον
1287 2548 1451 2583 προσηγε
1485 2533 1548 2570 διὰ
1583 2537 1655 2570 τῶν
1712 2538 1714 2542 ’
