1715 2723
95 141 120 158 a.
137 132 189 159 ch.
204 132 264 158 195.

548 124 671 157 LIBER
687 123 849 157 XXXIV.

876 124 969 156 CAP.
988 125 1040 157 39.
1412 124 1493 165 329

94 226 155 266 alii
174 226 273 271 vani,
295 226 355 265 alii
375 225 476 264 leves
497 226 708 265 admodum
730 226 828 264 ictus
849 231 970 265 erant.
1006 238 1095 264 nam
1120 230 1280 276 propter
1300 225 1492 276 angustias
1522 230 1542 262 3

91 283 165 321 loci
181 282 473 333 confertamque
489 283 642 321 turbam
658 293 737 320 non
753 282 869 320 modo
887 283 933 320 ad
949 282 1160 321 emittenda
1182 294 1271 320 cum
1292 294 1494 333 procursu,

93 351 170 389 quo
191 338 401 389 plurimum
423 339 665 377 concitantur
684 338 768 383 tela,
791 338 958 388 spatium
980 337 1189 383 habebant,
1221 338 1287 376 sed
1311 350 1360 376 ne
1375 343 1419 376 ut
1448 338 1494 376 de

92 394 212 445 gradu
239 395 395 445 quidem
423 395 541 432 libero
570 406 612 432 ac
638 393 763 432 stabili
797 399 1042 433 conarentur.
1090 393 1219 443 itaque
1253 407 1299 432 ex
1335 394 1494 432 adverso
1523 400 1544 431 4

92 450 208 488 missa
225 451 298 489 tela
320 451 423 489 nulla
445 451 484 488 in
505 449 730 500 corporibus
744 481 752 496 ,
781 462 864 488 rara
887 450 925 488 in
947 449 1065 488 scutis
1093 449 1322 496 haerebant3
1351 450 1397 488 ab
1419 449 1493 488 cir-
1523 455 1542 486 5

92 506 374 545 cumstantibus
402 519 447 544 ex
474 505 736 556 superioribus
757 506 849 544 locis
878 505 1067 544 vulnerati
1088 505 1243 555 quidam
1264 510 1374 552 sunt,
1404 518 1496 544 mox

91 574 316 613 progressos
337 563 413 600 iam
435 562 549 600 etiam
573 575 619 600 ex
639 561 750 600 tectis
768 573 845 600 non
862 563 935 600 tela
953 561 1070 599 modo
1089 561 1155 599 sed
1173 561 1321 611 tegulae
1338 573 1495 612 quoque

91 618 327 668 inopinantis
349 619 607 669 perculerunt.
638 617 797 656 sublatis
820 618 956 656 deinde
973 629 1089 667 supra
1106 617 1228 667 capita
1245 617 1377 663 scutis,
1401 629 1494 655 con·
1523 621 1543 652 6

90 674 324 724 tinuatisque
345 674 396 712 ita
418 674 519 712 inter
538 686 595 719 se,
624 678 667 711 ut
687 685 766 712 non
787 674 904 712 modo
926 674 972 712 ad
990 685 1122 711 caecos
1144 673 1263 719 ictus,
1290 673 1357 711 sed
1378 684 1426 711 ne
1448 673 1494 710 ad

89 729 338 768 inserendum
362 729 517 779 quidem
538 742 583 768 ex
603 730 823 780 propinquo
844 730 965 768 telum
984 729 1056 768 loci
1074 729 1281 780 quicquam
1298 733 1412 773 esset,
1433 733 1494 766 te-

91 785 242 824 studine
263 786 364 824 facta
385 785 575 824 subibant.
618 790 654 823 et
674 786 820 836 primae
843 786 1041 836 angustiae
1064 785 1259 835 paulisper
1280 798 1349 823 sua
1372 785 1494 823 hosti-

89 853 236 892 umque
256 842 420 880 refertae
440 842 554 880 turba
574 847 803 887 tenuerunt3
825 848 1032 892 postquam
1055 841 1094 879 in
1114 841 1372 892 patentiorem
1394 840 1495 878 viam

88 898 194 935 urbis
216 898 401 948 paulatim
423 903 602 948 urgentes
622 898 775 936 hostem
796 910 1038 948 processere,
1061 909 1140 935 non
1160 898 1259 935 ultra
1280 897 1335 935 vis
1358 909 1494 935 eorum

89 960 203 1004 atque
221 954 387 1004 impetus
409 954 589 992 sustineri
605 959 798 1004 poterant.
842 967 931 992 cum
952 959 1055 1004 terga
1076 954 1283 991 vertissent
1303 952 1493 992 Lacedae-

90 1009 211 1048 monii
240 1014 278 1048 et
304 1010 390 1060 fuga
420 1011 539 1048 effusa
559 1010 758 1060 superiora
779 1015 956 1060 peterent
976 1010 1084 1055 loca„
1106 1009 1222 1047 Nabis
1245 1009 1420 1060 quidem,
1452 1013 1495 1046 ut

90 1070 199 1116 capta
215 1065 310 1103 urbe
326 1066 537 1116 trepidans,
561 1077 727 1116 quanam
743 1066 824 1116 ipse
842 1066 1018 1104 evaderet
1034 1065 1397 1115 circumspectabat3
1418 1064 1494 1115 Py-

88 1121 267 1171 thagoras
290 1134 377 1159 cum
395 1121 442 1159 ad
464 1127 587 1159 cetera
609 1121 737 1159 animo
760 1121 965 1172 officioque
986 1122 1094 1159 ducis
1111 1121 1344 1171 fungebatur
1363 1151 1371 1166 ,
1401 1126 1495 1158 tunc

88 1189 178 1215 vero
200 1189 314 1222 unus,
332 1189 380 1214 ne
402 1183 603 1227 caperetur
623 1177 727 1223 urbs,
751 1189 863 1216 causa
884 1178 974 1216 fuit:
998 1177 1180 1215 succendi
1201 1177 1305 1214 enim
1327 1176 1495 1215 aedificia

87 1233 262 1284 proxima
292 1245 405 1271 muro
433 1233 556 1271 iussit.
599 1246 696 1284 quae
724 1246 814 1272 cum
846 1238 1048 1272 momento
1078 1233 1268 1284 temporis
1297 1232 1494 1278 arsissent,

89 1334 160 1356 ren.
185 1341 229 1346 —
250 1333 316 1354 non
339 1321 453 1362 modo,
477 1323 543 1363 vgl.
564 1322 620 1364 32,
639 1323 696 1364 20,
716 1323 754 1362 73

88 1378 154 1400 non
177 1368 221 1399 ist
243 1367 297 1399 fiir
313 1368 384 1399 sich
408 1378 449 1398 zu
472 1368 624 1399 nehmen:
654 1368 755 1407 nicht,

88 1423 142 1445 um
159 1417 263 1444 etwas
282 1412 446 1453 Miissiges
466 1423 506 1443 zu
524 1423 634 1453 sagen,
654 1413 683 1453 2,
702 1413 754 1454 61,

89 1459 108 1489 5
132 1469 163 1489 u.
183 1468 212 1489 a.
235 1476 280 1481 —-
307 1468 383 1489 cum
403 1467 515 1499 proc,
538 1458 597 1489 mit
614 1456 753 1497 Anlauf,

88 1503 210 1534 anders
224 1504 440 1545 procursatio
460 1502 515 1543 28,
535 1503 588 1541 33,
607 1503 635 1533 3.
654 1521 698 1525 -
715 1502 756 1534 de

85 1547 211 1590 gradu,
229 1558 288 1579 aus
306 1548 365 1578 der
381 1547 543 1587 Stellung,
561 1547 613 1578 die
631 1547 678 1578 sie
696 1547 756 1578 mit

87 1592 207 1624 festem
230 1591 405 1623 Auftreten
429 1592 503 1622 inne
527 1593 658 1631 hatten,
687 1592 754 1632 vgl.

89 1637 148 1677 32,
167 1638 226 1676 25,
249 1638 305 1677 103
332 1637 489 1677 iibrigens
512 1636 557 1668 ist
578 1637 755 1676 cigentlich

87 1693 129 1714 zu
146 1682 289 1713 denken:
314 1681 427 1713 sedat
449 1692 489 1712 ne
508 1683 658 1724 spatium
683 1682 755 1722 qui-

88 1727 164 1759 dem
180 1728 358 1768 haberent,
377 1729 414 1757 at
431 1726 472 1757 (le
488 1731 550 1757 etc.
571 1745 614 1748 —
631 1726 755 1765 stabili,

89 1782 115 1803 s.
141 1772 200 1811 21,
225 1772 283 1811 31,
312 1772 360 1802 11.
381 1789 423 1793 —
448 1774 634 1812 coum-ent„
659 1771 753 1802 einen

87 1817 239 1850 Versuch
257 1826 329 1847 zum
345 1814 485 1847 werfen
502 1817 636 1847 macheu
650 1816 755 1847 konn-

87 1867 153 1894 ten.
173 1881 214 1884 —
233 1864 344 1902 itaque
362 1861 439 1902 geht
454 1859 545 1902 auf§
563 1861 599 1891 2:
618 1864 651 1892 et
668 1860 757 1901 qnod

89 1912 149 1938 etc.
166 1906 291 1937 zuriick
305 1917 357 1937 um
371 1907 428 1937 das
443 1905 536 1946 Folg.
554 1907 595 1936 ab
609 1908 753 1937 circam-

88 1954 191 1983 stant.
216 1950 415 1991 anzufiigen:
441 1961 503 1981 nur
526 1961 589 1981 von
615 1951 675 1981 den
699 1948 759 1981 auf

87 1997 205 2027 beiden
231 1996 342 2027 Seiten
366 1995 561 2026 Stehenden.
590 2013 632 2016 —
659 2005 752 2035 rara,

89 2052 115 2072 s.
132 2041 185 2081 31,
204 2040 256 2078 34,
276 2042 315 2076 43
338 2041 388 2079 10,
404 2040 457 2079 29,
472 2041 560 2071 7.-
577 2050 622 2070 ea:
639 2050 752 2082 saper.

88 2085 127 2125 l.,
151 2086 202 2116 (lie
226 2084 368 2125 Punkte,
391 2094 442 2114 wo
466 2084 517 2115 die
540 2083 660 2115 Ro‘mer
683 2085 765 2118 ein-b

88 2131 246 2170 drangen,
262 2140 373 2160 waren
389 2134 492 2160 etwas
507 2129 578 2159 nied
586 2130 690 2169 vigea-3
709 2140 754 2160 ea'

88 2176 133 2206 ist
150 2173 209 2206 auf
223 2175 391 2206 vulnerati
406 2174 495 2204 nicht
509 2172 567 2204 auf
579 2176 751 2206 circumst.

88 2220 245 2260 bezogen,
259 2230 310 2250 wo
326 2230 360 2250 es
379 2221 411 2249 ιἰι
430 2219 558 2250 heissen
571 2219 694 2250 wiirde.
710 2238 753 2241 -

88 2267 157 2296 iam
181 2267 297 2305 etiam,
323 2275 348 2295 s.
376 2264 435 2303 33,
460 2264 517 2302 39,
539 2264 574 2305 7,
599 2268 686 2295 setzt
708 2274 754 2294 em

90 2311 188 2341 tectis
211 2309 270 2340 mit
290 2320 334 2340 ea·
354 2318 467 2351 snper.
486 2308 566 2339 locis
589 2308 622 2339 in
641 2308 753 2339 Bezie-

89 2354 187 2394 hung.

136 2399 210 2429 6-7.
231 2398 372 2429 sublatz‘s
385 2417 406 2420 -
419 2399 634 2439 continuatis,
648 2397 755 2428 Schil-

91 2443 216 2482 derung
233 2443 290 2473 der
307 2442 451 2479 testudo,
470 2453 494 2473 s.
513 2443 566 2481 44,
581 2443 610 2483 9,
626 2444 660 2472 b':
678 2452 754 2473 sca-

91 2489 136 2518 τίς
157 2498 260 2530 saper
283 2489 394 2530 capita
419 2487 586 2523 densatim
613 2487 692 2518 eben
717 2497 752 2518 so

92 2533 180 2564 steht
204 2537 298 2563 sonst
320 2543 439 2575 super,
462 2542 502 2563 an
521 2543 551 2563 u.
571 2531 619 2563 St.
638 2542 752 2574 supra.

826 1341 870 1346 --
892 1321 1061 1355 inserend.
1081 1333 1128 1363 q.,
1145 1322 1214 1363 vgl.
1230 1321 1308 1353 Tac.
1326 1321 1364 1353 H.
1384 1322 1414 1361 3,
1434 1322 1493 1353 27:

826 1368 950 1399 lanceis
967 1370 1176 1399 scrutantur.
1192 1385 1235 1390 —
1249 1368 1383 1409 primae
1400 1377 1493 1408 ang„

827 1414 909 1444 nach
926 1413 997 1443 dem
1011 1412 1120 1453 Folg.:
1136 1414 1267 1455 patent.
1284 1414 1372 1443 viam.
1388 1413 1495 1451 urbis,

827 1459 885 1490 der
908 1457 1045 1498 Zugang
1070 1468 1130 1488 zur
1153 1456 1263 1499 Stadt,
1288 1457 1372 1488 denn
1395 1457 1436 1487 da
1459 1466 1494 1487 es

827 1503 847 1545 ξ
866 1505 883 1533 5
905 1512 1111 1545 progressos
1133 1502 1256 1541 heisst,
1281 1502 1354 1533 sind
1372 1502 1494 1532 andere

828 1549 1007 1589 angustiae
1032 1548 1081 1578 als
1106 1546 1126 1587 ξ
1154 1548 1167 1577 1
1195 1547 1348 1586 gemeint.
1372 1564 1416 1569 —
1445 1548 1495 1577 te-

827 1603 940 1633 uuest,
966 1592 1025 1630 33,
1045 1592 1080 1629 3,
1098 1592 1134 1630 7,
1159 1591 1226 1631 vgl.
1247 1591 1305 1630 31,
1327 1592 1382 1630 15,
1401 1591 1431 1621 9.
1452 1608 1496 1613 -

824 1638 1007 1679 patentior.
1019 1661 1027 1677 ,
1060 1635 1333 1667 wahrscheinlieh
1366 1635 1411 1666 ist
1443 1635 1494 1666 die

829 1682 962 1713 Strasse
980 1680 1148 1722 Aphetais,
1168 1690 1192 1711 s.
1209 1691 1234 1711 c.
1256 1680 1308 1720 38,
1326 1681 1355 1721 5,
1370 1680 1495 1711 welche

827 1727 927 1757 durch
951 1727 1013 1757 den
1031 1725 1187 1756 ebensten
1206 1724 1301 1756 Theil
1321 1725 1380 1755 der
1400 1724 1495 1756 Stadt

826 1771 876 1802 bis
894 1782 954 1802 zur
978 1770 1188 1802 Stadtmauer
1208 1771 1286 1801 nach
1308 1770 1381 1800 dem
1398 1769 1495 1801 Tem-

826 1816 878 1857 pel
891 1816 950 1846 der
964 1815 1128 1857 Dictynna
1143 1813 1264 1853 fiihrte,
1282 1814 1435 1855 gemeint.
1450 1831 1494 1836 —

823 1860 991 1904 paulatim
1007 1861 1124 1900 gehort
1142 1870 1181 1890 zu
1197 1869 1403 1901 processere.

873 1906 971 1937 8-13.
991 1906 1181 1946 superiora,
1198 1905 1319 1935 andere
1337 1904 1386 1935 als
1404 1903 1455 1934 die
1473 1902 1494 1944 ξ

828 1952 845 1980 5
864 1961 895 1981 u
911 1961 937 1981 c.
954 1950 1043 1989 38,2
1062 1954 1256 1990 genannten,
1275 1949 1306 1979 in
1323 1949 1381 1980 der
1399 1948 1494 1979 Stadt

827 1995 947 2033 selbst‚
972 2006 998 2026 s.
1022 1994 1136 2036 Polyb.
1164 1995 1200 2033 5,
1225 1994 1283 2024 22:
1317 1991 1495 2044 Σπάρτης

825 2059 846 2062 -
860 2037 948 2070 κατὰ
967 2039 1080 2092 μέρος
1095 2035 1336 2088 περιεχούσης
1351 2037 1389 2070 ἐι
1403 2035 1493 2089 αὐτῇ

826 2081 1032 2134 διαᾳόρους
1049 2081 1267 2126 ἀνωμάλοις
1284 2084 1344 2114 καὶ
1357 2080 1492 2122 βουνω-

826 2128 901 2164 ‹5514-
915 2140 1062 2164 τοπους.
1074 2147 1115 2150 —
1130 2129 1276 2169 Pytlzagu
1288 2127 1492 2159 nachd1iick-

824 2174 888 2205 lich
907 2174 989 2204 ohne
1008 2172 1208 2204 Adversum
1213 2172 1370 2215 p‘utlkel
1389 2190 1432 2194 —
1448 2172 1494 2203 ad

825 2222 946 2259 cetera,
966 2228 990 2249 s.
1010 2229 1036 2249 c.
1057 2218 1109 2257 345,
1127 2219 1162 2249 4:
1186 2218 1217 2248 in
1235 2217 1421 2257 Beziehung
1437 2216 1496 2248 auf

824 2263 877 2294 die
894 2263 1031 2304 iibrigen
1045 2262 1293 2299 Verhiiltnisse3
1312 2262 1355 2292 im
1372 2261 1492 2293 Uebri-

825 2318 887 2349 gen
906 2308 1015 2346 sehon,
1033 2308 1075 2338 im
1093 2306 1299 2347 Gcgensatze
1317 2317 1357 2336 zu
1370 2306 1442 2336 dem
1457 2306 1490 2337 in

824 2356 904 2384 tanc
938 2362 1015 2384 vero
1054 2353 1287 2383 bezeichneten
1325 2349 1491 2382 Momente

825 2398 884 2429 der
908 2396 1041 2429 Gefalir.
1061 2415 1103 2420 —
1125 2397 1322 2438 femoebat„
1347 2395 1490 2436 Zeugma

825 2443 859 2474 in
877 2443 986 2482 Bezug
1009 2440 1068 2472 auf
1087 2443 1210 2471 anim
1233 2459 1274 2462 —
1299 2443 1378 2471 tmzc
1402 2450 1490 2480 tero,

825 2487 891 2528 vgl.
913 2488 966 2525 25,
986 2492 1015 2525 ’,
1034 2486 1070 2525 9,
1092 2496 1163 2526 gew
1168 2485 1295 2516 o‘hnlieh
1312 2488 1383 2516 tam
1401 2495 1488 2516 v.ero

1527 1238 1566 1270 10

826 2542 985 2563 —causa
998 2531 1060 2561 wie
1080 2531 1131 2569 33,
1148 2531 1200 2569 20,
1220 2530 1267 2560 12.
1283 2548 1326 2553 —
1343 2532 1381 2561 ut
1393 2529 1490 2561 adiu-
1527 2528 1532 2531 ’
