1715 2723
211 125 293 166 180

647 119 773 152 LIBER
796 118 975 152 XXXVII.
1010 118 1102 152 CAP.
1132 121 1182 153 13.

1469 128 1498 145 a.
1520 127 1550 145 u.
1567 119 1629 146 554.

209 228 361 279 agmine
391 236 508 263 naves
539 228 671 274 posset
701 228 767 261 aut
789 227 1033 273 postremum
1054 234 1192 273 agmen
1213 229 1434 273 opportune
1453 223 1629 262 adorire-

169 294 189 325 2
209 290 284 323 tur.

343 286 550 332 postquam
580 291 755 330 sparsam
783 284 1008 329 tempestate
1039 279 1200 317 classem
1230 279 1343 326 vidit,
1383 280 1629 319 occasionem

210 340 335 391 primo
355 336 604 388 adgrediendi
624 341 742 382 ratus,
762 334 877 386 paulo
897 340 986 386 post
1005 335 1316 374 increbrescente
1328 341 1443 375 vento
1454 342 1490 376 et
1502 337 1626 376 maio—

170 408 189 439 3
209 408 271 435 res
300 395 378 433 iam
407 394 587 432 volvente
616 392 769 438 fluctus,
796 391 885 442 quia
914 392 1119 442 pervenire
1149 404 1190 430 se
1215 392 1262 431 ad
1286 403 1352 430 eos
1372 393 1525 432 videbat
1546 405 1629 432 non

208 463 337 504 posse,
365 450 411 489 ad
432 449 643 489 Aethaliam
662 448 830 487 insulam
849 448 1005 496 traiecit,
1036 454 1078 487 ut
1096 448 1187 486 inde
1209 453 1365 499 postero
1387 449 1446 487 die
1467 450 1628 488 Samum

168 525 190 556 4
209 520 256 547 ex
276 508 350 547 alto
372 506 535 558 petentis
556 505 664 544 navis
687 504 973 556 adgrederetur.
1012 505 1191 552 Romani,
1214 517 1303 555 pars
1326 505 1472 556 exigua,
1492 506 1628 556 primis

207 564 379 604 tenebris
399 568 556 614 portum
579 562 777 601 desertum
797 561 945 600 Samiae
966 567 1189 608 tenuerunt,
1219 561 1350 600 classis
1371 567 1496 600 cetera
1515 568 1628 601 nocte

169 632 189 663 5
208 627 287 660 tota
306 621 348 660 in
372 621 446 659 alto
463 620 595 658 iactata
616 619 657 657 in
679 618 849 658 eundem
871 624 1031 669 portum
1053 618 1234 657 decurrit.
1273 617 1326 656 ibi
1347 630 1393 656 ex
1413 618 1628 669 agrestibus

209 678 363 729 cognito
402 677 575 715 hostium
602 688 719 714 naves
744 675 791 713 ad
822 675 1033 714 Aethaliam
1064 681 1175 721 stare,
1206 674 1412 713 consilium
1442 674 1628 721 habitum,

208 740 343 774 utrum
372 733 565 784 extemplo
599 732 864 777 decernerent,
895 743 943 769 an
965 732 1158 771 Rhodiam
1180 736 1426 782 expectarent
1455 732 1628 770 classem.

210 791 322 830 dilata
341 803 384 829 re
407 812 461 817 —-
483 789 533 828 ita
554 789 659 827 enim
678 788 821 839 placuit
841 810 895 814 ——
920 788 1128 839 Corycum,
1159 788 1264 826 unde
1284 793 1481 836 venerant,
1510 788 1627 827 traie-

170 863 189 895 6
209 852 358 886 cerunt.
398 845 655 897 Polyxenidas
678 856 848 894 quoque,
867 855 957 882 cum
980 846 1123 883 frustra
1145 844 1320 891 stetisset,
1341 844 1541 895 Ephesum
1563 856 1628 883 re-

210 904 288 942 diit.
329 909 413 942 tum
435 903 632 941 Romanae
662 912 779 939 naves
805 912 926 939 vacuo
950 899 996 938 ab
1019 900 1195 939 hostibus
1216 900 1312 939 mari
1332 900 1493 939 Samum
1511 900 1629 939 traie-

171 980 190 1011 7
212 966 360 999 cerunt.
405 958 542 997 eodem
574 964 611 996 et
630 957 782 996 Rhodia
812 957 941 995 classis
971 962 1060 1007 post
1089 956 1170 995 dies
1192 968 1337 1007 paucos
1358 957 1473 995 venit.
1512 968 1629 1007 quam

209 1022 252 1056 ut
277 1020 512 1066 expectatam
535 1026 619 1053 esse
649 1018 863 1064 appareret,
893 1014 1057 1064 profecti
1079 1013 1272 1064 extemplo
1304 1018 1396 1052 sunt
1415 1013 1628 1064 Ephesum,

211 1078 253 1112 ut
282 1078 348 1111 aut
377 1072 634 1110 decernerent
662 1069 786 1108 navali
816 1070 1046 1116 certamine,
1076 1075 1159 1116 aut,
1189 1069 1221 1108 si
1252 1069 1479 1109 detractaret
1508 1069 1628 1108 hostis

209 1141 392 1180 pugnam,
420 1128 525 1178 quod
548 1127 762 1178 plurimum
783 1126 966 1165 intererat
988 1127 1032 1165 ad
1055 1126 1206 1165 animos
1229 1126 1449 1173 civitatium,
1478 1126 1629 1165 timoris

171 1201 191 1233 g
210 1185 499 1225 confessionem
538 1184 811 1235 exprimerent.

211 1245 382 1282 frontem
422 1241 581 1280 navium
621 1240 700 1279 acie
736 1245 886 1278 stetere.

211 1409 342 1451 gehabt.
377 1427 422 1431 —
454 1419 491 1440 ex
530 1411 653 1450 aymine
682 1425 725 1430 —
764 1419 884 1450 aqmen,

211 1457 292 1487 ohne
318 1455 457 1486 Absicht
483 1454 689 1486 wiederholt.

257 1502 356 1534 3—6.
400 1502 444 1532 ad
475 1511 524 1532 eos
559 1499 688 1531 erklart
722 1499 793 1531 sich
826 1509 884 1531 aus

210 1546 283 1578 dem
319 1545 631 1586 Zusammenhange.
673 1563 716 1567 —-
756 1546 883 1576 Aethal.

210 1591 256 1623 ist
287 1591 487 1623 schwerlich
521 1590 636 1627 Chios,
674 1602 698 1622 s.
733 1589 754 1631 ξς
791 1592 805 1623 1
833 1590 885 1621 (116

210 1636 315 1669 Stelle
340 1647 399 1668 aus
424 1635 568 1676 Plinius,
597 1636 681 1666 nach
706 1634 727 1677 ξ
754 1638 772 1668 5
797 1636 886 1666 kann

211 1682 263 1714 die
300 1681 387 1714 Insel
419 1681 511 1713 nicht
546 1691 607 1722 gar
631 1680 712 1713 weit
737 1691 802 1712 von
829 1681 886 1712 der

210 1727 315 1760 Riiste
351 1728 487 1769 gelegen
523 1727 649 1766 haben,
687 1727 745 1758 der
783 1725 885 1758 Name

210 1773 369 1815 (bekannt
392 1773 436 1805 ist
452 1771 761 1809 Aethalia=llva,
786 1770 884 1812 Elba)

211 1819 297 1850 wird
318 1819 440 1860 jedoch
464 1822 556 1850 sonst
572 1818 604 1849 in
623 1818 730 1849 dieser
750 1816 886 1858 Gegend

212 1865 302 1896 nicht
330 1868 484 1906 genannt.
527 1882 570 1886 -—
610 1875 647 1895 ex
671 1867 752 1905 alto,
782 1863 885 1894 naeh-

211 1910 282 1942 dem
308 1910 359 1942 die
400 1909 511 1941 Flotte
552 1909 622 1940 sich
658 1909 738 1941 weit
774 1918 882 1949 genug

212 1966 277 1986 von
311 1955 480 1997 Erythrae
515 1953 662 1986 eutfernt
702 1954 796 1986 habe.
836 1972 880 1976 -——

203 2012 297 2041 pars.
321 2003 418 2042 emp„
446 2002 505 2039 35,
542 2002 592 2039 11,
619 2001 651 2033 9.
677 2018 717 2023 —
745 2001 880 2041 Samiae,

210 2047 254 2078 da
278 2046 329 2078 die
345 2046 464 2078 Ro'mer
489 2049 557 2077 erst
576 2044 597 2086 ξ
620 2047 640 2078 6
666 2046 750 2077 nach
767 2045 883 2077 Samus

204 2092 323 2133 (wenn
359 2092 401 2123 da
428 2091 519 2122 nicht
543 2091 596 2122 die
621 2090 718 2122 Stadt
742 2090 885 2132 gemeint

211 2137 271 2177 ist)
295 2137 510 2176 iibersetzen,
534 2147 570 2168 so
595 2136 725 2168 scheint
750 2136 802 2168 ein
830 2134 889 2168 auf

209 2184 283 2215 dem
323 2182 521 2219 Festlande,
560 2182 593 2213 in
622 2182 680 2213 der
700 2181 794 2213 N'ahe
819 2192 884 2213 von

209 2228 359 2271 Ephesus
384 2225 691 2269 gelegenerHafen,
720 2237 746 2258 c.
775 2229 826 2266 10,
854 2230 884 2266 5,

211 2275 271 2306 der
286 2274 368 2306 aber
389 2273 480 2304 nicht
492 2274 583 2304 mehr
603 2272 740 2304 besucht
757 2273 883 2312 wurde,

203 2323 376 2360 desertam,
397 2318 541 2360 gemeint
558 2329 599 2349 zu
617 2318 699 2358 sein,
721 2317 801 2349 aber
820 2318 886 2348 wol

206 2365 304 2396 inicht
327 2364 549 2402 Panhormus,
587 2374 612 2395 s.
643 2374 669 2394 c.
698 2365 748 2402 10,
786 2365 815 2395 6,
843 2382 884 2385 —

207 2417 343 2451 έθηκεν,
367 2410 553 2442 erreichten
577 2409 643 2449 ihu,
669 2419 721 2440 um
740 2408 887 2440 daselbst

211 2467 252 2488 zu
276 2456 426 2496 bleiben,
463 2466 490 2487 e.
520 2456 578 2495 12,
612 2456 662 2488 10.
687 2472 730 2476 -—
754 2466 787 2485 n.
813 2461 887 2491 tota,

211 2501 279 2543 vgl.
306 2512 333 2533 c.
361 2503 414 2540 31,
450 2503 490 2542 23
519 2502 572 2540 24,
605 2502 655 2539 15,
685 2501 703 2533 3
730 2511 760 2530 u.
787 2509 815 2530 a.
849 2517 886 2521 —

212 2558 249 2579 ex
272 2558 354 2589 aqva,
383 2546 435 2578 die
453 2545 539 2577 Insel
564 2556 649 2577 muss
670 2545 702 2576 iu
719 2545 776 2577 der
792 2544 886 2576 Nahe

871 1189 1004 1222 contra
1048 1185 1177 1221 fauces
1206 1189 1344 1234 portus
1372 1183 1560 1222 instructa
1588 1182 1630 1221 in

945 1245 1153 1291 postquam
1184 1251 1300 1277 nemo
1326 1239 1512 1278 adversus
1540 1239 1628 1285 ibat,

954 1417 1108 1449 gewesen
1133 1407 1212 1439 sein.
1231 1425 1274 1430 —-
1299 1410 1430 1449 coquito,
1456 1408 1576 1439 ebenso
1595 1410 1625 1447 7,

953 1456 1015 1493 40,
1042 1455 1080 1492 43
1118 1454 1172 1491 33,
1199 1454 1252 1490 41,
1281 1455 1317 1490 53
1358 1455 1412 1492 44,
1442 1454 1496 1491 28,
1527 1456 1557 1486 4.
1583 1470 1628 1475 —

953 1502 1094 1539 decem,
1139 1498 1292 1530 absolut:
1339 1498 1391 1530 die
1424 1497 1529 1530 Sache
1569 1509 1628 1530 zur

954 1543 1200 1584 Eutscheidung
1224 1543 1372 1584 bringen,
1403 1542 1424 1584 ξ
1451 1546 1489 1586 ’ῖς
1516 1545 1568 1583 35,
1595 1546 1626 1583 3,

954 1593 972 1624 5
999 1601 1030 1621 u.
1056 1599 1085 1620 a.
1099 1606 1143 1612 —
1157 1591 1278 1629 Gorya„
1301 1588 1401 1620 dahin
1418 1589 1489 1620 also
1506 1589 1629 1620 konnte

954 1645 1028 1666 man
1052 1635 1135 1666 ohne
1159 1644 1201 1665 an
1226 1633 1384 1666 Aethalia
1411 1634 1627 1666 vorbeizuse-

954 1680 1031 1721 gelu
1055 1680 1227 1721 gelangen,
1256 1679 1336 1711 aber
1351 1679 1443 1711 nicht
1465 1680 1548 1711 nach
1564 1680 1626 1712 Sa-

954 1736 1034 1757 mos.
1060 1745 1103 1750 —
1126 1736 1191 1758 vae.
1218 1727 1256 1757 ab
1282 1727 1334 1765 11,,
1360 1727 1422 1766 25,
1449 1727 1502 1766 34,
1528 1728 1558 1759 5.
1584 1744 1630 1748 —-

956 1774 1085 1804 Samum
1110 1781 1135 1802 s.
1161 1770 1182 1812 ξ
1207 1773 1245 1804 4:
1272 1772 1407 1804 Samiae.

1003 1820 1099 1850 7-9.
1132 1824 1167 1848 at
1190 1828 1257 1856 exp.
1278 1828 1341 1848 esse
1359 1828 1400 1855 a.,
1425 1816 1491 1857 vgl.
1510 1817 1564 1856 33,
1596 1818 1626 1851 3,

955 1865 986 1896 9.
1023 1880 1068 1885 -«
1102 1865 1188 1904 qaod
1225 1866 1306 1902 etc.,
1348 1861 1630 1902 vorangestellter

954 1908 1173 1940 Relativsatz.
1219 1910 1263 1939 ad
1297 1910 1413 1945 anim„
1449 1907 1483 1938 in
1519 1907 1629 1948 Bezug

951 1953 1018 1994 auf,
1048 1964 1101 1985 um
1125 1951 1183 1984 auf
1205 1953 1294 1984 diese
1318 1952 1553 1994 einzuwirken,
1579 1953 1627 1985 sie

949 2009 1024 2030 vom
1049 1997 1162 2030 Abfall
1187 1998 1405 2039 abzuhalten,
1433 2008 1460 2029 c.
1494 2000 1544 2038 11,
1574 2000 1626 2037 15,

954 2045 1033 2077 oder
1059 2055 1130 2076 zum
1150 2043 1329 2075 Auschluss
1350 2055 1390 2075 zu
1407 2044 1574 2085 hewegen,
1600 2054 1626 2076 s.

955 2093 985 2129 5,
1013 2092 1043 2130 6,
1068 2092 1098 2123 6.
1128 2107 1172 2112 -
1199 2091 1332 2131 confess,
1356 2100 1463 2130 expau,
1491 2091 1544 2129 36,
1571 2091 1626 2126 45,

955 2138 985 2169 6.
1012 2154 1055 2158 -
1082 2139 1116 2167 in
1131 2138 1262 2177 froom,
1294 2137 1407 2173 (1.23,
1438 2137 1475 2176 73
1501 2136 1540 2177 93
1568 2136 1627 2168 10:

954 2184 989 2213 in
1007 2184 1155 2224 frontem
1172 2184 1328 2223 derz'qere3
1356 2182 1411 2223 29,
1437 2182 1473 2214 5:
1499 2190 1535 2212 so
1553 2180 1627 2212 dass

955 2227 1007 2258 die
1033 2227 1156 2258 Schiffe
1179 2227 1283 2258 neben
1312 2226 1471 2258 einander
1487 2226 1542 2264 (im
1560 2224 1627 2257 Ge-

954 2277 1110 2313 gensatze
1139 2283 1178 2304 zu
1203 2275 1294 2314 lonqo
1310 2274 1434 2314 aymine
1459 2281 1486 2302 e.
1503 2272 1558 2307 23.
1590 2273 1627 2310 S,

956 2320 1009 2356 36,
1036 2320 1089 2358 43,
1121 2319 1177 2350 13:
1206 2320 1241 2349 in
1265 2320 1408 2350 ordinem
1432 2317 1490 2358 ire)
1510 2315 1625 2352 Front,

955 2363 1027 2395 eine
1056 2363 1176 2404 gerade
1195 2362 1288 2394 Linie
1315 2362 1471 2401 hildeten,
1498 2362 1566 2402 vgl.
1592 2364 1626 2393 in

953 2411 1057 2441 orbem
1076 2420 1224 2450 puqnare
1248 2409 1308 2447 28,
1344 2409 1405 2447 33,
1443 2409 1502 2448 15,
1545 2414 1630 2439 recta

945 2456 1061 2495 frome
1078 2454 1168 2486 Curt.
1194 2456 1225 2490 4,
1255 2455 1305 2492 13,
1333 2454 1362 2486 8.
1387 2470 1432 2475 -—
1457 2455 1527 2484 adv.
1553 2455 1628 2494 ibae,

956 2501 1017 2539 27,
1047 2501 1084 2537 2,
1119 2501 1156 2532 9:
1197 2510 1284 2531 nemo
1310 2516 1352 2521 —
1379 2500 1528 2530 adversus
1549 2509 1627 2537 pro-

955 2547 1035 2586 diit;
1072 2545 1123 2576 iib.
1154 2545 1211 2576 das
1235 2542 1342 2586 Imprf.
1374 2545 1426 2583 35,
1460 2546 1490 2582 5,
1521 2545 1630 2577 12.—
