1715 2723
123 82 291 109 a.011.200.
585 72 708 105 LIBER
725 73 855 105 xxxi.
882 73 972 106 CAP.
993 76 1044 107 39.
1461 78 1512 115 75

118 178 262 217 incolae
283 180 420 215 vocant
438 198 495 203 —
514 176 698 215 consedit.
738 175 823 214 inde
847 175 938 214 satis
960 182 1159 227 comperto
1182 177 1392 217 Eordaeam
1413 179 1512 229 peti·
1543 189 1559 219 7

117 239 224 272 turos
245 233 453 277 Romanos,
476 232 521 271 ad
544 232 784 283 occupandas
802 232 1007 283 angustias,
1031 244 1078 270 ne
1100 246 1281 285 superare
1298 235 1429 274 hostes
1451 247 1512 273 ar-

118 290 166 328 tis
194 289 367 328 faucibus
394 288 587 327 inclusum
615 289 761 327 aditum
793 293 962 339 possent,
985 291 1202 339 praecessit.
1238 291 1289 329 ibi
1310 291 1380 330 alia
1402 292 1510 339 vallo,
1542 302 1560 332 8

116 346 186 385 alia
206 347 323 391 fossa,
346 345 415 383 alia
435 344 604 395 lapidum
627 345 816 396 congerie,
834 350 877 383 ut
898 357 967 395 pro
986 357 1098 384 muro
1115 352 1255 392 essent,
1278 347 1346 385 alia
1363 348 1511 387 arbori-

116 402 187 441 bus
210 402 383 445 obiectis,
414 406 457 439 ut
487 407 551 439 aut
580 402 684 440 locus
713 402 932 452 postulabat
960 407 1024 440 aut
1049 402 1210 441 materia
1231 404 1509 454 suppeditabat,

115 471 277 510 propere
306 457 532 509 permuniit,
561 463 696 508 atque,
728 462 770 496 ut
795 458 875 508 ipse
896 458 1069 501 rebatur,
1099 459 1196 496 viam
1218 465 1352 510 suapte
1375 466 1511 500 natura
1541 473 1559 503 9

117 515 310 554 difficilem
332 513 488 553 obiectis
509 526 577 564 per
599 526 733 552 omnes
755 515 940 553 transitus
968 515 1147 565 operibus
1174 515 1510 566 inexpugnabilem

114 572 215 610 fecit.
257 576 364 610 erant
385 570 566 621 pleraque
588 571 775 609 silvestria
798 571 914 615 circa,
944 571 1191 610 incommoda
1222 572 1397 622 phalangi
1427 586 1509 612 ma—
1544 584 1580 614 10

114 628 215 666 xime
235 627 508 672 Macedonum,
536 639 633 677 quae
661 627 737 665 nisi
765 627 829 665 ubi
859 627 1074 677 praelongis
1103 628 1223 666 hastis
1245 629 1347 666 velut
1368 629 1507 668 vallum

113 689 199 722 ante
222 683 362 734 clipeos
386 682 535 727 obiecit,
559 683 660 734 quod
682 688 724 721 ut
746 684 821 729 fiat,
845 683 964 721 libero
987 696 1123 734 campo
1148 697 1244 735 opus
1265 690 1344 731 est,
1367 686 1510 725 nullius

112 740 320 778 admodum
350 752 443 778 usus
473 743 541 777 est.
582 739 749 778 Thracas
772 752 926 790 quoque
947 740 1140 791 rumpiae,
1170 741 1333 791 ingentis
1351 747 1387 780 et
1408 742 1511 793 ipsae
1544 752 1575 782 11

111 795 370 847 longitudinis,
394 795 494 833 inter
515 795 683 835 obiectos
704 796 874 847 undique
895 809 1023 835 ramos
1040 797 1312 848 impediebant.
1349 798 1508 837 Creten-
1544 808 1580 838 12

110 853 211 891 sium
233 864 309 891 una
331 852 469 891 cohors
491 863 568 890 non
599 852 744 891 inutilis
775 858 874 899 erat,
907 853 973 891 sed
1003 865 1045 892 ea
1075 866 1230 904 quoque
1257 854 1355 904 ipsa,
1386 860 1448 902 ut,
1479 856 1510 894 si

113 909 197 960 quis
219 909 408 959 impetum
429 908 583 953 faceret,
606 908 645 946 in
665 914 863 960 patentem
882 909 1029 947 vulneri
1045 922 1157 948 ecum
1175 910 1425 961 equitemque
1447 924 1510 950 sa-

113 965 225 1015 gittas
248 964 421 1003 conicere
442 969 604 1015 poterat,
623 965 673 1003 ita
704 965 885 1003 adversus
914 970 1020 1004 scuta
1042 965 1215 1004 Romana
1244 978 1314 1005 nec
1342 968 1387 1005 ad
1414 968 1508 1006 trai-

113 1021 290 1059 ciendum
313 1020 403 1059 satis
425 1033 603 1071 magnam
629 1021 705 1059 vim
726 1021 906 1066 habebat,
939 1033 1010 1060 1166
1038 1023 1159 1072 aperti
1188 1023 1393 1074 quicquam
1415 1029 1509 1070 erat,

112 1077 212 1127 quod
235 1082 423 1128 peterent.
469 1077 596 1127 itaque
625 1077 662 1115 id
699 1082 742 1116 ut
769 1090 909 1116 vanum
936 1078 1000 1116 teli
1027 1090 1147 1128 genus
1175 1084 1381 1117 senserunt
1411 1092 1505 1126 esse,
1541 1088 1579 1119 13

110 1133 209 1171 saxis
229 1134 372 1184 passim
395 1137 473 1171 tota
493 1133 587 1171 valle
608 1133 818 1172 iacentibus
834 1134 1075 1172 incessebant
1095 1135 1261 1172 hostem.
1297 1149 1341 1174 ea
1362 1136 1508 1175 maiore

107 1243 228 1274 grenze
245 1232 472 1274 Pelagoniens.
492 1251 532 1254 —
551 1233 692 1275 incolae,
717 1234 768 1264 die

108 1279 289 1310 Bewohner
311 1279 369 1309 der
394 1277 543 1319 Gegend,
567 1278 626 1318 28,
651 1279 708 1318 22,
734 1279 767 1318 13

108 1324 159 1366 38,
178 1325 231 1362 41,
250 1325 268 1354 4
286 1334 316 1354 u.
336 1333 365 1354 a.

153 1370 182 1400 7.
217 1368 421 1409 Eordaeam,
452 1368 572 1400 o'stlich
596 1379 659 1400 von
678 1369 768 1412 Lyn-

108 1414 225 1454 cestis,
250 1415 308 1446 das
326 1414 452 1445 Becken
470 1424 534 1444 von
553 1414 716 1454 Ostrovo,
740 1425 767 1446 s.

106 1459 158 1499 42,
178 1459 230 1499 53,
256 1461 293 1499 5;
320 1460 373 1500 45,
392 1459 444 1497 30,
463 1459 498 1497 63
519 1458 634 1500 Polyb.
658 1460 709 1497 18,
729 1460 765 1497 ὃς

106 1503 164 1544 34,
201 1504 258 1543 12;
291 1503 410 1536 Strabo
445 1504 480 1543 7,
515 1505 548 1545 7,
584 1505 601 1535 7
630 1515 660 1546 p.
685 1504 765 1535 326:

106 1551 325 1591 Λυγκησῑαί
351 1560 387 1582 τε
416 1549 472 1579 καὶ
503 1546 522 1588 ἡ
556 1551 767 1592 Δευριόπος

104 1613 125 1616 -
150 1594 209 1625 καὶ
232 1592 377 1634 Ἐορδοὶ
401 1594 459 1624 καὶ
486 1590 662 1636 Ἐλίμεια,
698 1595 764 1634 vgl.

105 1638 188 1669 Abel
205 1638 417 1670 Macedonica
436 1636 502 1677 fif„
528 1637 621 1669 Huhn
639 1639 669 1677 2,
689 1639 764 1670 406.

105 1702 144 1706 —
169 1685 350 1726 angustias
371 1683 473 1714 durch
495 1685 582 1714 artis
607 1683 767 1724 faucibus

106 1729 208 1760 niiher
224 1728 407 1767 bestinuut,
432 1728 706 1759 wahrscheinlieh
723 1729 767 1760 ist

105 1773 193 1805 nicht
221 1774 279 1805 der
308 1784 334 1805 c.
362 1774 403 1804 23
437 1773 608 1804 erw'cihnte
640 1774 767 1805 Durch-

103 1829 204 1860 gang,
233 1819 375 1850 sondern
392 1818 450 1849 der
474 1818 652 1860 &Valdpass
676 1817 766 1861 Hyr-

103 1862 247 1895 derbend
266 1863 414 1895 nb'rdlich
424 1873 497 1894 vom
511 1863 766 1903 Begorritissee,

104 1919 144 1940 an
168 1909 225 1940 der
243 1908 451 1940 Siidostseite
474 1909 531 1940 des
554 1908 686 1950 Lyncus
710 1919 766 1949 ge-

103 1953 214 1992 meint,
238 1954 304 1994 vgl.
324 1952 425 1984 Thuc.
446 1954 476 1993 4,
495 1953 546 1995 83,
570 1954 671 1985 Barth
692 1955 763 1986 155.

149 1997 257 2029 8-11.
298 2008 442 2041 propere
463 2008 589 2040 per·m.,
618 1999 683 2039 vgl.
711 2000 765 2039 27,

107 2041 157 2081 12,
176 2043 229 2074 10:
246 2045 360 2074 castra
372 2062 394 2066 -
407 2045 529 2085 raptim
543 2047 621 2075 ante
634 2047 762 2076 noctem

100 2089 305 2129 permunita,
321 2087 373 2127 33,
391 2087 443 2126 36,
458 2088 492 2127 63
510 2088 641 2120 Andere
656 2090 763 2121 lesen:

103 2132 339 2174 suppeditabat
362 2134 470 2175 operi,
492 2136 624 2165 vtanz'z't.
642 2153 685 2156 —
707 2136 763 2166 ob-

103 2176 197 2208 iectis
220 2188 271 2220 op.
295 2177 489 2209 wiederholt
518 2189 579 2210 nur
601 2179 657 2211 das
682 2180 761 2211 eben

104 2219 247 2263 Gesagte
286 2223 334 2254 als
380 2221 556 2254 Gedanken
593 2223 678 2256 Ph's.
721 2244 760 2248 —

102 2269 279 2308 transitus,
298 2278 323 2299 s.
342 2268 394 2308 44,
415 2268 468 2307 33,
486 2268 519 2299 4.
538 2287 580 2291 ——
592 2269 761 2312 pleraque,

101 2312 187 2343 local
217 2323 257 2344 zu
287 2313 438 2350 nehmen,
468 2323 494 2344 5.
526 2324 552 2344 c.
578 2314 629 2353 23,
659 2315 690 2354 4,
716 2315 761 2346 ist

101 2356 251 2398 Subject,
275 2359 365 2389 circa
388 2358 470 2389 dazu
488 2358 684 2390 attributive
701 2359 761 2391 Be—

101 2401 286 2443 stimmung,
310 2402 375 2443 vgl.
396 2402 447 2444 27,
471 2402 524 2442 39,
549 2404 585 2434 7:
606 2414 670 2446 per
686 2415 760 2436 mu—

101 2448 173 2477 m'ta
191 2446 350 2490 pleraque
374 2449 523 2479 transitu
540 2448 683 2489 fratris,
706 2450 759 2491 21,

102 2490 155 2530 35,
178 2493 211 2523 4:
232 2503 295 2536 per
318 2494 406 2524 invia
424 2492 593 2536 pleraque.
613 2511 655 2515 —
675 2494 759 2536 plca-

841 1233 950 1275 lngz',
980 1234 1044 1265 wie
1068 1233 1125 1272 33,
1156 1234 1191 1273 4,
1216 1235 1251 1271 33
1280 1235 1426 1275 dagegen
1449 1237 1508 1269 mit

843 1279 934 1310 einer
951 1279 1141 1319 Erkl'zirung
1159 1280 1217 1320 32,
1244 1280 1295 1317 17,
1322 1280 1377 1314 11:
1405 1281 1457 1322 33,
1477 1282 1507 1323 8,

842 1324 858 1354 7
875 1335 904 1355 u.
922 1334 949 1355 a.
965 1324 1208 1367 —prael0ug.,
1223 1336 1248 1356 5.
1260 1326 1312 1364 32,
1332 1326 1379 1367 17,
1399 1327 1448 1358 13.
1463 1346 1507 1351 —

842 1369 940 1400 velut.
964 1369 1054 1409 vall„
1080 1370 1133 1407 32,
1155 1371 1205 1409 17,
1234 1370 1283 1402 14.
1303 1389 1346 1393 —
1361 1372 1506 1414 admod„

840 1425 876 1446 so
891 1414 1040 1446 zieinlich
1055 1426 1118 1446 von
1133 1415 1351 1452 kcincn1‚von
1365 1427 1424 1458 gar
1436 1417 1507 1449 kei-

841 1470 922 1491 nem.
946 1478 989 1482 —
1012 1462 1182 1503 rzzmpz'ae,
1205 1471 1230 1492 5.
1257 1459 1342 1492 Geli.
1372 1464 1428 1501 10,
1453 1462 1504 1503 25,

840 1505 875 1536 4:
911 1506 1010 1547 rupta
1035 1507 1206 1548 (rumpia)
1231 1517 1344 1547 genas
1373 1507 1434 1538 tela·
1454 1511 1506 1539 est

844 1549 993 1582 Thy-aeae
1021 1553 1183 1592 nationis,
1209 1554 1423 1593 positamque
1445 1553 1505 1584 hoe

839 1595 1029 1626 vocabulum
1044 1597 1076 1626 in
1090 1596 1123 1636 Q.
1133 1595 1204 1627 Emz
1210 1597 1223 1626 ί
1229 1596 1402 1628 annalium
1410 1597 1462 1630 XI
1463 1598 1481 1629 Ι
1482 1598 1505 1639 f,

840 1650 890 1670 wo
911 1641 1010 1681 rupe'a
1024 1640 1112 1680 jetzt
1141 1641 1273 1681 gelesen
1295 1641 1396 1681 wirdz,
1434 1643 1502 1683 vgl.

840 1684 1116 1723 Plut.Ae1ni1.1s‚
1132 1685 1299 1726 vgl.H01n.
1315 1685 1349 1717 ll.
1368 1687 1503 1726 13‚577.

889 1729 1018 1760 12-15.
1063 1740 1145 1771 una,
1177 1741 1238 1761 nur
1266 1731 1317 1762 die
1346 1731 1429 1763 eine.
1460 1751 1502 1754 —

840 1784 966 1816 qaoque
990 1775 1107 1815 geho'rt
1131 1786 1172 1806 zu
1189 1786 1243 1816 ea,
1266 1776 1330 1807 und
1348 1777 1430 1808 dazu
1448 1777 1501 1809 ist.

839 1820 959 1850 anders
982 1820 1031 1850 als
1055 1820 1178 1851 vorher
1199 1820 1232 1851 in
1248 1823 1281 1851 et
1298 1823 1400 1864 ipsae,
1421 1823 1503 1853 noch

837 1866 911 1906 ipsa
938 1869 1100 1905 getreten.
1131 1884 1174 1888 —··
1204 1875 1330 1907 qaoque
1352 1886 1373 1889 -
1396 1877 1455 1898 nec
1482 1887 1502 1890 —

836 1920 905 1950 nee,
924 1910 989 1949 vgl.
1012 1910 1040 1949 1,
1060 1910 1112 1948 56,
1133 1910 1168 1948 ὃς
1189 1910 1242 1949 39,
1266 1911 1320 1950 21,
1339 1910 1369 1943 3.
1384 1930 1425 1935 —
1441 1914 1503 1943 si-

835 1955 977 1996 faeeret,
992 1955 1205 1986 wiederholte
1221 1956 1367 1997 Angriffe
1382 1957 1503 1988 einzel-

838 2010 898 2031 1161·
915 1999 1039 2031 Reiter.
1058 2019 1101 2022 —
1118 2003 1215 2032 scuta
1231 2001 1326 2033 Rom.
1350 2006 1391 2033 st.
1407 2002 1502 2045 pedi-

836 2047 888 2076 tes
905 2045 998 2077 Rom.
1017 2047 1124 2076 scutis
1136 2048 1272 2078 armati.
1291 2065 1332 2069 —
1349 2047 1501 2087 habebat,

836 2090 888 2121 die
905 2091 1024 2122 cohors
1048 2090 1253 2123 vermittelst
1273 2091 1331 2123 der
1348 2092 1429 2123 eben
1447 2102 1501 2123 er-

836 2135 989 2167 w'ahnten
1023 2134 1225 2175 Geschosse,
1258 2136 1340 2167 doch
1373 2137 1416 2168 ist
1448 2137 1499 2168 bei

832 2183 968 2222 poterat
985 2180 1047 2211 wie
1064 2181 1118 2212 bei
1132 2184 1287 2223 peterent
1304 2192 1343 2212 an
1358 2182 1409 2213 dic
1421 2182 1499 2213 Ein—

835 2225 950 2257 zelnen
979 2237 1019 2256 zu
1047 2226 1183 2257 denken.
1207 2244 1251 2248 —
1281 2236 1335 2267 ea,
1364 2226 1415 2257 die
1442 2227 1499 2258 da-

834 2271 933 2301 durch
953 2271 1173 2309 veranlasste,
1192 2271 1257 2311 vgl.
1277 2282 1336 2301 zur
1352 2270 1499 2303 861111116-

834 2326 918 2356 rung
935 2315 966 2353 9,
990 2316 1044 2355 35,
1069 2317 1108 2354 53
1135 2316 1261 2347 sowohl
1279 2317 1408 2348 maiore
1423 2327 1499 2349 cam

833 2370 904 2392 son.
929 2361 979 2391 als
1002 2371 1099 2401 quam
1126 2371 1153 2392 v.
1177 2360 1241 2392 allo
1265 2360 1337 2391 sind
1354 2361 1497 2393 attribu-

832 2405 902 2437 tive
926 2405 1190 2445 Bestimmungen
1220 2415 1282 2436 von
1305 2405 1453 2448 pulsatio
1476 2422 1496 2434 =

831 2452 943 2492 magis
971 2461 1095 2482 sonans
1122 2460 1220 2491 qaam
1244 2449 1384 2483 vulnera
1405 2452 1496 2493 infe-

831 2505 925 2536 rens,
949 2496 1049 2526 daher
1073 2496 1161 2526 steht
1184 2505 1283 2536 quam
1306 2496 1355 2526 als
1379 2497 1417 2528 ob
1442 2497 1493 2527 ein
