1715 2723
16 111 17 121 γ
41 109 42 115 ¹
67 71 242 99 a.Ch.19⁰.
483 69 607 103 LIBER
624 69 804 104 xxxvn.
831 69 924 102 CAP.
946 71 999 104 27.
1017 71 1070 104 28.
1407 67 1492 110 205

0 167 15 193 *¹
38 173 39 182 ¹
69 177 168 215 tium
218 173 382 225 rupibus
419 173 630 224 piratarum
666 179 815 219 essent,
858 173 960 212 diem
997 173 1150 212 trivere.
1219 172 1375 212 tandem
1416 170 1490 211 sub
1512 179 1531 210 9

71 238 227 271 noctem
257 242 357 269 vano
389 230 543 280 incepto
575 241 665 267 cum
696 229 952 275 abstitissent,
993 230 1117 268 Teum
1148 235 1304 280 postero
1337 229 1397 267 die
1424 240 1490 267 ac-

70 300 243 334 cessere,
270 292 307 325 et
334 286 374 325 in
396 292 534 337 portu,
563 286 629 336 qui
651 285 697 323 ab
719 291 826 336 tergo
849 286 958 324 urbis
980 291 1038 325 est
1060 308 1114 313 —
1137 286 1399 325 Geraesticum
1418 285 1494 336 ipsi

71 344 265 395 appellant
284 365 350 389 —,
379 343 542 381 navibus
565 341 783 379 constitutis
805 348 960 392 praetor
980 342 1026 380 ad
1048 342 1368 392 depopulandum
1391 342 1492 380 circa

72 400 211 439 urbem
233 412 370 450 agrum
391 399 517 437 emisit
537 397 686 436 milites.
727 397 820 443 Teii,
844 410 933 436 cum
956 398 997 436 in
1019 398 1139 436 oculis
1160 398 1357 448 populatio
1379 403 1492 444 esset,
1512 396 1569 436 28

28 470 30 505 j
73 462 246 496 oratores
271 468 360 494 cum
389 455 521 494 infulis
541 459 578 492 et
597 451 821 492 velamentis
843 454 890 492 ad
912 455 1135 493 Romanum
1158 454 1359 492 miserunt.
1403 454 1492 504 qui-

26 510 29 555 J
71 513 145 552 bus
171 512 425 564 purgantibus
456 511 645 549 civitatem
676 510 805 547 omnis
837 510 925 549 facti
946 510 1113 560 dictique
1135 510 1284 549 hostilis
1306 510 1492 549 adversus

71 570 282 615 Romanos,
305 574 342 607 et
362 567 505 606 iuvisse
526 578 592 604 eos
615 566 724 604 omni
745 572 965 605 commeatu
988 567 1148 604 classem
1164 566 1336 605 hostium
1356 567 1493 617 arguit,
1512 569 1531 601 2

23 639 25 644 ¹
62 631 110 664 et
139 630 329 675 quantum
360 623 438 661 vini
459 622 719 674 Polyxenidae
751 623 1048 673 promisissent,
1080 634 1179 672 quae
1202 622 1234 661 si
1257 623 1390 661 eadem
1411 624 1493 662 Ro-

21 704 23 708 ⁴
73 693 209 720 manae
232 680 341 719 classi
362 679 516 725 darent,
549 684 823 718 revocaturum
854 692 895 718 se
925 692 946 717 a
974 679 1225 730 populatione
1248 679 1431 725 militem;
1463 679 1495 718 si

19 745 22 788 j
71 737 213 784 minus,
243 748 314 788 pro
347 735 523 774 hostibus
554 748 620 774 eos
650 735 885 774 habiturum.
933 736 1008 774 hoc
1032 741 1108 774 tam
1129 735 1238 774 triste
1258 747 1494 786 responsum
1515 742 1534 774 3

19 790 21 826 Ῑ
72 806 164 832 cum
186 793 421 832 rettulissent
441 791 563 842 legati,
591 798 749 830 vocatur
769 792 809 830 in
830 792 1054 831 contionem
1075 804 1095 830 a
1117 791 1402 842 magistratibus
1419 803 1494 843 po-

17 870 19 873 *
74 850 204 901 pulus,
234 856 287 895 ut,
318 848 410 899 quid
435 854 604 899 agerent,
636 849 912 887 consultarent.
965 861 1010 887 eo
1032 850 1131 886 forte
1154 849 1214 886 die
1236 848 1494 899 Polyxenidas
1514 853 1536 884 4

74 919 164 944 cum
205 906 307 956 regia
343 905 462 944 classe
493 917 513 943 a
544 905 771 955 Colophone
802 907 1001 956 profectus
1032 911 1241 955 postquam
1271 905 1440 943 movisse
1473 917 1494 943 a

72 964 188 1001 Samo
222 963 419 1001 Romanos
458 961 604 999 audivit
642 968 678 999 et
713 962 759 999 ad
789 962 1051 1013 Myonnesum
1088 962 1228 1012 piratas
1264 960 1496 1012 'persecutos

74 1020 261 1057 Teiorum
301 1030 437 1069 agrum
479 1018 727 1068 depopulari,
768 1030 886 1056 naves
919 1018 960 1056 in
989 1018 1208 1057 Geraestico
1238 1023 1354 1068 portu
1383 1023 1496 1064 stare,

72 1076 156 1126 ipse
178 1076 364 1114 adversus
384 1075 645 1125 Myonnesum
666 1074 706 1112 in
727 1074 852 1113 insula
874 1098 928 1102 —
949 1075 1095 1113 Macrin
1116 1074 1257 1113 nautici
1280 1080 1421 1112 vocant
1443 1096 1496 1100 —
1517 1083 1535 1114 5

73 1144 235 1170 ancoras
264 1137 380 1181 portu
413 1131 564 1169 occulto
587 1131 684 1169 iecit.
728 1131 818 1169 inde
841 1143 886 1169 ex
908 1131 1132 1182 propinquo
1154 1131 1372 1181 explorans,
1404 1130 1498 1181 quid
1518 1137 1537 1169 6

73 1188 204 1226 hostes
224 1193 392 1238 agerent,
423 1187 550 1237 primo
571 1187 612 1225 in
633 1199 770 1237 magna
793 1199 860 1237 spe
884 1188 967 1234 fuit,
990 1199 1109 1238 quem
1130 1187 1175 1225 ad
1202 1187 1365 1225 modum
1387 1187 1497 1226 Rho-

74 1244 177 1283 diam
209 1245 369 1282 classem
400 1243 445 1281 ad
475 1244 635 1282 Samum
668 1243 933 1282 circumsessis
958 1244 1004 1282 ad
1037 1244 1183 1282 exitum
1205 1243 1382 1282 faucibus
1402 1255 1498 1293 por-

73 1306 136 1340 tus
164 1306 444 1351 expugnasset,
471 1300 525 1338 sic
551 1306 587 1338 et
611 1300 827 1338 Romanam
853 1305 1180 1351 expugnaturum.
1210 1312 1282 1338 nec
1304 1305 1361 1338 est
1383 1299 1498 1338 dissi-

75 1357 174 1396 milis
205 1363 340 1396 natura
371 1356 466 1395 loci:
495 1357 780 1407 promunturiis
801 1356 1033 1395 coeuntibus
1055 1356 1156 1395 inter
1178 1368 1219 1394 se
1238 1356 1288 1394 ita
1308 1356 1499 1395 clauditur
1519 1371 1537 1403 7

74 1503 152 1534 hort
184 1512 225 1532 zu
256 1503 381 1533 trivere.
406 1518 450 1523 —
481 1503 537 1533 sub
579 1503 652 1541 ictu,
690 1501 752 1533 den
822 1501 899 1533 weil
926 1503 1028 1533 omnis
1054 1501 1268 1542 vorausgeht,
1303 1500 1348 1531 ist
1383 1499 1436 1532 bei
1464 1500 1500 1533 L.

821 1547 898 1578 kein
940 1546 1196 1578 ausreichender
1240 1544 1365 1580 Grund.
1404 1565 1434 1568 —
1473 1549 1504 1578 si

75 1546 283 1579 Geschossen
309 1550 510 1588 ausgesetzt,
537 1548 590 1586 26,
612 1549 668 1587 40,
694 1548 751 1587 103

75 1594 130 1632 43,
167 1593 218 1631 10,
246 1594 275 1625 5.
300 1610 343 1614 —
363 1599 489 1631 postero
510 1594 550 1631 d.,
577 1592 625 1624 sie
643 1591 752 1624 schei-

76 1647 139 1669 nen
176 1636 228 1668 die
267 1636 378 1668 Nacht
415 1637 496 1669 iiber
532 1635 591 1668 auf
629 1637 753 1669 offener

77 1682 139 1714 See
165 1682 338 1723 geblieben
363 1694 403 1714 zu
431 1683 510 1715 sein
536 1701 581 1705 —
604 1686 642 1715 ab
656 1689 751 1724 teryo,

75 1727 199 1760 Strabo
228 1730 279 1769 14,
309 1730 335 1768 1,
363 1729 405 1762 30
430 1739 458 1770 p
485 1730 569 1761 644.
601 1725 621 1771 ἡ
660 1731 755 1766 Τέως

76 1774 138 1807 ἐπὶ
165 1770 379 1828 χερροιήσῳ
413 1773 580 1827 ι’δριται,
623 1775 753 1826 λιμεια

77 1819 221 1871 ἔχουσα.
246 1836 288 1841 —
310 1819 386 1852 ἔστι
418 1821 480 1851 καὶ
507 1816 614 1857 ἄλλος
642 1817 754 1864 λιμὴι

77 1863 98 1897 ὀ
112 1860 342 1918 πρόσβορρος
354 1862 431 1897 α’πὸ
448 1863 594 1911 τριάκοπ
597 1877 641 1897 τα
667 1875 754 1897 στα-

76 1910 169 1943 dcun
186 1911 248 1951 τῆς
266 1907 407 1949 πόλεως
427 1914 493 1954 Γερ
520 1910 624 1951 aas&
648 1909 673 1951 j.
700 1910 754 1942 Si-

77 1955 206 1996 ghajik,
232 1956 290 1987 der
308 1956 429 1988 andere
446 1923 528 1989 Halo
512 1966 552 1988 en
569 1956 753 1988 erstreckte

76 2001 150 2032 sich
174 2002 257 2032 nach
287 2000 399 2034 Osten.

127 2043 194 2082 28.
224 2047 319 2079 1—3.
351 2049 386 2078 m
409 2058 464 2087 οε,
493 2048 546 2086 35,
574 2048 626 2086 36,
657 2048 687 2080 2.
712 2065 756 2069 -

71 2102 170 2133 pzcry.
183 2109 228 2113 —
241 2094 342 2123 omnis
345 2094 381 2133 f.
398 2095 438 2132 d.,
453 2092 505 2123 dic
521 2092 756 2124 Construction

79 2137 144 2168 wie
193 2136 246 2168 bei
294 2137 469 2169 {ihnlichen
518 2137 756 2179 gerichtlichen

79 2181 223 2221 Verben,
249 2185 388 2215 iudicari
414 2185 444 2223 ὃ,
483 2185 536 2224 14,
563 2184 600 2225 3;
627 2185 760 2216 liberari

80 2229 112 2267 5,
139 2229 194 2268 28,
229 2229 264 2267 13
289 2235 462 2268 compertus
486 2231 517 2268 7,
544 2230 575 2269 4,
597 2231 629 2268 4,
656 2229 757 2261 findet

78 2272 152 2304 sich
191 2283 252 2304 vor
295 2273 330 2305 L.
377 2274 477 2305 nicht.
511 2293 555 2296 —
587 2285 637 2306 eos
676 2275 761 2306 nach

74 2321 289 2360 puryantibus
314 2330 367 2350 um
393 2319 487 2351 beide
520 2319 682 2351 Momente
716 2331 756 2351 zu

80 2365 224 2396 soudern
247 2364 311 2396 und
335 2365 617 2404 hervorzuheben,
647 2376 673 2399 s.
700 2366 754 2405 32,

80 2411 113 2449 9,
152 2411 201 2443 10.
239 2428 276 2433 —-
313 2413 402 2443 omni
439 2422 524 2452 com,
553 2409 650 2450 jeder
683 2409 756 2451 Art,

80 2454 148 2495 vgl.
180 2465 206 2487 c.
232 2457 286 2496 33,
313 2457 351 2496 23
380 2458 434 2496 53,
463 2458 500 2489 9:
536 2459 625 2488 omm'
645 2467 757 2497 yewere

82 2507 303 2535 commeatuum
312 2513 327 2542 ,·
361 2505 448 2534 omni
490 2513 529 2533 zu
573 2500 753 2542 cntsernen,

821 1595 898 1624 min.
929 1607 973 1619 =
998 1595 1049 1624 sin
1081 1603 1134 1632 m.‚
1168 1602 1193 1624 s.
1232 1593 1285 1629 38,
1322 1593 1352 1631 8,
1380 1592 1417 1631 33
1446 1592 1499 1632 29,

822 1640 876 1677 20,
905 1640 933 1671 S.
958 1655 1003 1659 ——
1027 1640 1117 1670 triste
1145 1637 1210 1668 wie
1243 1638 1297 1677 25,
1339 1638 1371 1677 6,
1399 1638 1428 1669 2.
1459 1655 1501 1659 ——

821 1695 885 1715 voc.
918 1685 952 1714 in
986 1689 1080 1723 cont„
1115 1684 1169 1723 24,
1203 1684 1257 1723 28,
1296 1684 1322 1715 1.
1363 1700 1406 1705 —
1431 1695 1501 1715 ma-

819 1732 924 1770 qinon,
959 1728 1025 1769 vgl.
1061 1739 1087 1760 c.
1127 1730 1177 1766 12,
1210 1730 1240 1760 2.
1274 1745 1318 1749 -—
1355 1731 1500 1768 consult„

823 1775 881 1806 der
898 1774 1072 1806 Beschluss
1095 1773 1140 1805 ist
1160 1772 1180 1815 ξ
1199 1774 1218 1805 9
1244 1773 1454 1814 augedeutet.

869 1821 967 1853 4—8.
994 1822 1131 1860 Colopla„
1161 1830 1194 1851 cs
1222 1818 1267 1850 ist
1284 1818 1418 1850 Notium
1443 1829 1502 1860 ge-

822 1865 936 1906 meiut,
962 1876 988 1897 s.
1006 1875 1031 1896 c.
1050 1866 1106 1905 26,
1126 1867 1156 1898 5.
1176 1883 1221 1887 -—
1238 1867 1378 1903 movisse,
1396 1874 1424 1896 c.
1449 1865 1501 1905 18,

824 1912 853 1944 8.
882 1929 919 1934 —
948 1913 1066 1951 depop„
1094 1921 1119 1941 c.
1146 1913 1177 1950 4,
1198 1912 1227 1944 6.
1254 1928 1297 1933 —
1322 1912 1357 1942 in
1381 1912 1501 1950 insula,

823 1966 875 1996 an,
920 1956 973 1988 hei
1015 1957 1073 1988 der
1113 1955 1210 1996 Inscl,
1245 1955 1312 1996 vgl.
1358 1957 1377 1995 ξ
1417 1957 1432 1989 1
1468 1958 1503 1987 in

823 2004 922 2034 oculis
953 2013 984 2033 u.
1022 2012 1071 2045 a.;
1106 2000 1201 2044 Prop.
1240 2002 1267 2041 1,
1304 2003 1335 2042 2,
1382 2003 1440 2034 11:
1469 2004 1504 2033 in

824 2050 928 2080 antris
962 2059 992 2079 u.
1026 2058 1057 2079 a.
1086 2065 1122 2069 -—
1149 2049 1290 2087 Macrin,
1323 2057 1350 2078 c.
1391 2047 1442 2087 13,
1473 2049 1501 2080 1.

823 2095 958 2134 nautici,
985 2094 1039 2132 30,
1067 2095 1120 2133 25,
1150 2095 1209 2133 113
1246 2094 1301 2132 41,
1337 2094 1367 2131 3,
1405 2093 1432 2125 1.
1459 2110 1503 2115 —

818 2139 955 2179 primo'
984 2139 1043 2170 hat
1099 2138 1176 2170 kein
1224 2138 1502 2180 entsprechendes

825 2183 933 2223 Glied,
955 2184 1013 2215 das
1039 2184 1142 2215 durch
1160 2183 1211 2215 die
1232 2182 1309 2224 folg.
1324 2182 1503 2215 Umsti‘iude

824 2229 1034 2261 veranlasste
1060 2228 1232 2270 Aufgeben
1257 2229 1315 2260 der
1340 2228 1504 2270 Hoffnung

829 2275 874 2306 ist
902 2275 994 2306 nicht
1010 2275 1187 2307 besonders
1205 2274 1365 2314 bemerkt,
1390 2275 1409 2313 ἓ
1435 2276 1454 2307 9
1471 2274 1503 2306 ff.

825 2331 887 2352 nur
915 2321 1126 2361 angedeutet,
1163 2320 1229 2361 vgl.
1263 2330 1289 2351 c.
1318 2321 1373 2360 29,
1403 2322 1430 2353 1.
1460 2337 1504 2342 ——

825 2369 859 2397 in
893 2377 933 2399 m.
975 2377 1027 2405 spe
1053 2367 1099 2407 f.,
1142 2365 1247 2405 activ,
1282 2367 1336 2404 25,
1375 2367 1426 2405 15,
1464 2368 1503 2406 5⁴3

824 2413 879 2451 42,
911 2413 961 2451 19,
989 2413 1019 2444 3.
1049 2429 1092 2433 —
1115 2414 1159 2443 ad
1183 2414 1254 2443 exit.
1290 2411 1335 2441 ist
1359 2421 1401 2442 zu
1415 2412 1503 2452 sau-

823 2459 878 2488 cz‘b.
923 2468 963 2488 zu
1000 2456 1124 2488 ziehen.
1156 2475 1199 2478 —
1226 2463 1415 2498 promunt.,
1452 2457 1504 2488 die

825 2502 937 2534 Hohen
963 2512 1003 2533 au
1023 2502 1139 2534 beiden
1157 2501 1268 2534 Seiten
1293 2503 1348 2534 des
1368 2500 1503 2544 Hafens,
