1715 2723
632 108 758 142 LIBER
773 108 931 142 XXXIII.
956 108 1049 140 CAP.
1068 108 1121 140 45.
1142 108 1195 140 46.
1464 125 1490 142 a.
1505 124 1533 143 u.
1550 117 1612 143 559.

208 112 288 152 258

159 218 178 247 6
318 213 508 251 Adversae
530 211 732 250 Hannibali
751 211 929 251 factionis
949 210 1128 249 homines
1156 210 1393 262 principibus
1413 211 1610 258 Romanis,

208 269 423 319 hospitibus
445 268 608 319 quisque
629 268 721 314 suis,
744 268 956 307 identidem
978 267 1196 306 scribebant
1212 267 1370 307 nuntios
1385 267 1610 320 litterasque

206 326 251 364 ab
268 324 478 364 Hannibale
500 324 547 362 ad
566 324 802 364 Antiochum
823 324 973 369 missas,
996 328 1034 362 et
1054 323 1100 362 ab
1115 335 1205 373 rege
1225 323 1271 361 ad
1287 335 1377 362 eum
1394 324 1491 363 clam
1508 324 1611 376 lega-

158 386 175 415 7
206 387 265 420 tos
287 381 455 427 venisse,
483 387 526 419 ut
545 380 644 420 feras
666 381 853 431 quasdam
874 380 978 419 nulla
1000 380 1203 418 mitescere
1225 383 1322 426 arte,
1361 380 1415 418 sic
1435 380 1612 419 inmitem

205 443 243 476 et
263 437 529 488 inplacabilem
552 437 631 475 eius
652 437 722 475 viri
743 437 916 475 animum
934 448 1038 483 esse,
1061 447 1299 474 marcescere
1321 436 1387 474 otii
1410 436 1487 475 situ
1503 437 1613 488 queri

205 493 397 533 civitatem
415 498 452 532 et
467 493 604 532 inertia
621 492 740 544 sopiri
755 505 827 531 nec
842 492 924 531 sine
940 505 1140 531 armorum
1157 492 1290 530 sonitu
1307 492 1460 531 excitari
1481 505 1609 543 posse.

157 554 175 585 8
203 550 298 589 haec
318 549 529 601 probabilia
550 549 736 587 memoria
757 548 895 599 prioris
916 548 1005 588 belli
1025 561 1095 600 per
1115 560 1238 587 unum
1262 548 1369 587 illum
1394 560 1474 587 non
1490 549 1611 600 magis

203 606 301 658 gesti
323 618 439 658 quam
461 606 558 644 moti
576 605 751 643 faciebat.
788 605 1002 643 irritaverat
1028 606 1145 643 etiam
1174 605 1320 644 recenti
1341 605 1443 644 facto
1464 605 1613 644 multo-

125 660 179 698 46
205 675 292 702 rum
314 662 535 714 potentium
558 662 720 700 animos.
756 661 930 700 Iudicum
954 661 1047 700 ordo
1070 661 1296 712 Carthagine
1317 674 1360 700 ea
1380 666 1612 712 tempestate

156 722 174 753 2
206 719 489 763 dominabatur,
512 731 556 756 eo
579 718 759 763 maxime,
783 718 886 769 quod
907 718 1009 756 idem
1032 717 1208 768 perpetui
1228 717 1373 756 iudices
1395 723 1517 756 erant.
1550 730 1611 757 res

203 775 305 814 fama
326 775 479 825 vitaque
502 775 677 812 omnium
700 774 739 811 in
759 774 915 812 illorum
936 779 1127 824 potestate
1154 779 1248 812 erat.
1287 774 1352 825 qui
1379 786 1503 812 unum
1529 774 1610 813 eius

204 831 347 870 ordinis
370 830 611 876 offendisset,
635 830 762 868 omnis
782 830 962 868 adversos
983 829 1167 876 habebat,
1189 841 1259 868 nec
1280 835 1480 869 accusator
1509 830 1611 881 apud

156 891 174 922 3
203 887 373 926 infensos
395 887 537 925 iudices
560 886 701 925 deerat.
738 887 880 925 horum
902 886 941 924 in
956 891 1037 924 tam
1058 886 1249 936 inpotenti
1269 898 1387 937 regno
1409 909 1465 913 —
1485 897 1610 936 neque

203 943 307 982 enim
325 943 483 981 civiliter
503 942 634 981 nimiis
658 942 794 994 opibus
812 942 1021 981 utebantur
1037 965 1091 969 ——-
1108 947 1265 993 praetor
1279 942 1403 981 factus
1421 942 1610 981 Hanniba-I

247 1037 317 1084 45,
335 1035 460 1074 6-49.
486 1042 719 1074 Verh'altnisse
737 1043 769 1074 in
789 1042 871 1074 Car-

203 1088 313 1128 thago.
348 1087 479 1119 Cornel
497 1088 601 1119 Hann
621 1089 659 1121 ῖς
684 1087 797 1119 lustin.
817 1089 870 1127 31,

207 1133 240 1171 13
260 1132 380 1164 Zonar.
398 1133 428 1172 9,
447 1133 502 1172 14·
521 1133 576 1171 183
598 1133 722 1174 Appian
738 1132 814 1175 Syr.
830 1134 869 1172 43

203 1155 535 1217 Val.]v1ax.4⁷,1‚6.

249 1223 297 1254 6-
307 1222 335 1253 8.
369 1222 501 1254 (ιᾱιθιε.
530 1222 566 1253 H.
595 1222 637 1263 f.,
670 1233 704 1253 es
737 1222 870 1253 werden

204 1268 287 1298 noch
327 1267 496 1299 dieselben
532 1267 765 1299 Vexh'ziltnisse
807 1268 870 1298 und

203 1311 354 1343 Parteien
385 1316 641 1352 vorausgesetzt
664 1312 727 1343 wie
752 1312 812 1353 21,
838 1313 868 1351 2,

203 1357 239 1396 43
265 1358 323 1397 30,
341 1357 401 1395 42,
422 1357 482 1395 123
506 1357 573 1397 vgl.
592 1357 650 1397 34,
670 1358 728 1393 61,
752 1357 802 1389 11.
825 1375 869 1380 ·—

201 1402 336 1444 hospst„
355 1413 379 1433 s.
396 1402 449 1442 30,
463 1402 516 1441 42,
534 1403 585 1433 11.
601 1420 645 1424 —
663 1404 767 1443 quisq.
785 1403 868 1441 suis,

203 1447 263 1486 32,
286 1448 340 1488 19,
358 1447 389 1477 9.
406 1465 449 1469 —
466 1448 507 1478 ab
523 1447 630 1478 Hann.
649 1452 724 1487 etc.,
746 1447 867 1478 ebenso

203 1491 338 1530 Zouar„
368 1492 514 1532 dagegen
542 1491 703 1523 Iusti11.l.
734 1492 756 1523 l.
785 1502 868 1533 quae

202 1538 270 1568 etsi
288 1536 382 1578 falsa
403 1539 560 1568 nuntiata
580 1538 748 1578 fuissent,
778 1536 871 1579 apud

201 1583 359 1612 timentes
376 1584 488 1612 tamen
511 1591 573 1623 pro
593 1584 680 1613 veris
702 1582 868 1613 habeban-

201 1629 270 1658 tur.
288 1644 331 1649 —
348 1629 386 1657 ut
402 1627 502 1668 feras
520 1631 596 1666 etc„
614 1638 639 1658 5.
655 1627 686 1665 2,
708 1626 758 1665 13,
778 1627 807 1658 8.
824 1646 868 1650 —-

201 1681 362 1703 Μαι-0630.
380 1674 424 1704 ot.
447 1682 472 1702 s.
498 1672 586 1702 steht
610 1672 867 1703 nachdriieklich

203 1727 264 1748 vor
293 1718 402 1758 queri,
431 1718 493 1747 otu
519 1719 589 1748 sz'tu
618 1717 797 1748 chiastisch
826 1728 866 1748 zu

201 1763 325 1794 inertia
341 1763 459 1803 sopiri,
478 1761 583 1793 einein
600 1762 745 1794 anderen
762 1762 865 1802 Bilde,

202 1807 272 1837 dem
302 1806 344 1837 im
368 1806 460 1847 Folg.
485 1809 634 1839 eoecitaress
661 1807 864 1849 entspricht3

201 1861 273 1882 zum
290 1851 465 1883 Ausdruck
482 1852 549 1892 vgl.
568 1852 628 1892 28,
647 1852 701 1893 35,
720 1853 755 1883 3:
773 1863 865 1884 mar·-

200 1906 330 1927 cescere
359 1895 505 1934 desidum
536 1896 594 1936 35,
625 1897 683 1935 35,
709 1897 743 1928 9:
773 1908 864 1929 mm·-

200 1951 330 1972 eeseere
354 1943 432 1972 otio.
455 1959 498 1963 —
521 1943 583 1972 otii
602 1953 643 1981 .s·.,
668 1952 694 1974 5.
720 1942 802 1973 Plin.
821 1942 862 1974 N.

201 1985 238 2016 H.
260 1986 310 2025 11,
331 1986 383 2023 17,
402 1986 461 2016 52:
483 1988 660 2018 vetustatis
677 1989 743 2018 situ
762 1988 863 2019 obru-

200 2033 254 2068 ta3
273 2041 298 2062 5.
319 2030 429 2072 Quint.
452 2030 507 2067 12,
526 2032 561 2066 5,
580 2031 615 2061 2;
639 2034 706 2063 situ
724 2035 862 2071 secreti,

199 2085 271 2106 zum
291 2074 469 2106 Gedanken
487 2075 540 2115 30,
559 2076 611 2117 44,
630 2076 666 2114 S-
686 2088 746 2108 zur
760 2078 862 2109 Sache

198 2120 280 2162 App.
299 2120 322 2152 1.
341 2120 363 2151 1.
380 2131 618 2159 —7l!67!101·l(1,
638 2132 663 2152 5
682 2121 742 2161 21,
761 2123 813 2161 53,
833 2123 864 2154 2.

198 2183 241 2188 —
260 2166 396 2206 moenie,
414 2166 470 2196 (135
489 2164 649 2206 folgende.

244 2204 312 2242 46.
328 2211 356 2241 1.
383 2210 703 2250 i'udzcumm·do,die
717 2211 863 2242 13311613(-

197 2256 255 2286 der
280 2256 342 2286 100
368 2256 447 2287 ode1
476 2256 535 2286 104
554 2256 606 2286 Μ’
590 2266 708 2297 ⁴umor,
735 2267 760 2287 S.
785 2255 863 2287 A1i-

197 2305 275 2332 stot.
294 2300 362 2331 Pol.
380 2301 409 2340 2,
427 2301 462 2332 8:
479 2311 549 2343 εχει
565 2300 604 2333 (1ε
619 2299 863 2346 παοαπὶήσια

198 2346 240 2388 τῆ
273 2345 473 2390 Λακωιικῇ
511 2347 679 2378 πολιτεία
722 2343 759 2386 (ἡ
793 2347 863 2379 τῶν

198 2381 523 2442 Κ((οχη(101ίωι’)-
535 2415 542 2430 ,
564 2390 628 2431 τὴν
644 2392 717 2422 τῶι
734 2388 864 2423 ἑκατὸν

198 2436 255 2466 καὶ
275 2432 457 2477 τεττάοων
475 2432 591 2478 (ἐρχὴι
609 2438 685 2472 τοῖς
710 2434 862 2489 ἕᾳόοοις

199 2498 217 2501 -
236 2490 367 2521 ταιτνμ
385 2477 422 2511 (1
450 2480 636 2522 (εῗοοῦιται
662 2479 726 2521 τὴι
743 2479 861 2524 (ἑρχην

198 2520 429 2567 ‹hnon‘srzulm
449 2524 561 2557 lustin.
584 2527 640 2567 19,
660 2527 693 2558 2:
711 2536 784 2557 (um
803 2526 861 2567 fu

942 1041 1037 1073 <milia
1054 1044 1149 1073 [anta
1166 1043 1410 1084 {imperatorum
1427 1041 1610 1084 (Magonis)

940 1088 1060 1129 gravis
1078 1087 1202 1118 liberae
1220 1088 1351 1118 σιύἰίαέί
1366 1090 1454 1118 esset
1470 1106 1507 1128 -,
1531 1097 1608 1119 een-

943 1135 1014 1163 tum
1033 1143 1079 1163 εκ
1100 1142 1241 1163 numero
1263 1134 1462 1163 senatorum.
1485 1132 1612 1164 iudices

944 1176 1152 1218 deliguntur,
1171 1179 1229 1218 qui
1244 1179 1391 1208 reversis
1407 1188 1428 1208 α
1445 1177 1527 1208 bello
1546 1177 1609 1208 du-

944 1223 1038 1253 cibus
1077 1223 1244 1253 rationem
1281 1232 1399 1253 rel-um
1427 1225 1611 1263 gestarum

943 1269 1142 1308 areg-erent,
1168 1267 1270 1298 allein
1294 1266 1345 1298 die
1363 1267 1610 1307 Vergleichung

944 1312 1003 1343 mit
1036 1312 1096 1343 den
1129 1311 1282 1353 Ephoren
1315 1311 1368 1342 bei
1394 1311 1610 1352 Aristoteles,

943 1357 994 1387 die
1012 1356 1232 1397 Schilderung
1249 1356 1269 1397 ξ
1284 1357 1314 1393 2,
1339 1355 1451 1388 ferner
1468 1355 1488 1398 ξ
1506 1357 1540 1388 6:
1558 1358 1611 1388 in-

941 1402 1098 1444 fimorum
1118 1412 1244 1442 quoque
1261 1406 1312 1432 etc
1328 1426 1336 1442 ,
1354 1402 1421 1442 vgl.
1437 1400 1458 1443 ξ
1476 1403 1515 1440 4,
1541 1402 1611 1433 zei—

941 1457 1015 1487 gen,
1025 1447 1100 1478 dass
1110 1447 1158 1478 sie
1166 1450 1244 1477 weit
1257 1446 1436 1478 iiberdiese
1444 1446 1609 1478 Function

940 1491 1227 1532 binausgegangen
1237 1501 1350 1523 waren
1363 1492 1428 1522 und
1443 1491 1495 1522 die
1508 1492 1609 1523 116011-

942 1541 992 1568 ste
1003 1536 1135 1568 Gewalt
1148 1537 1190 1568 i1u
1204 1536 1317 1568 Stante
1331 1537 1461 1577 erlangt
1474 1537 1606 1576 hatten3

941 1582 1161 1613 verschieden
1187 1592 1251 1613 von
1276 1582 1452 1613 denselbeu
1481 1581 1526 1613 ist
1549 1582 1606 1613 das

942 1626 1001 1665 30,
1024 1627 1079 1668 16,
1099 1627 1116 1658 3
1136 1627 1307 1658 erwiihnte
1330 1628 1483 1658 sanctius
1500 1629 1607 1658 consi-

939 1671 1032 1703 Ιίαιη.

985 1717 1033 1747 2-
1044 1717 1074 1749 3.
1099 1717 1209 1758 fama,
1225 1717 1289 1748 wie
1307 1717 1339 1748 in
1357 1716 1439 1748 Rom
1455 1716 1507 1748 die
1522 1715 1606 1748 Cen-

940 1772 1055 1802 soren,
1082 1762 1161 1794 aber
1177 1763 1218 1793 da
1242 1772 1298 1793 res
1320 1762 1383 1793 und
1409 1763 1475 1792 vita
1491 1761 1607 1793 hinzu-

939 1808 1077 1848 konnnt,
1100 1807 1160 1838 mit
1182 1808 1465 1848 ausgedehnterer
1482 1806 1604 1847 Macht,

937 1852 1003 1892 vgl.
1023 1853 1060 1889 4,
1089 1852 1147 1891 24,
1171 1853 1200 1883 5.
1226 1870 1269 1874 —
1292 1854 1325 1883 in
1350 1855 1421 1883 tam
1442 1857 1518 1891 etc„
1542 1852 1604 1891 als,

936 1897 1095 1927 wiihrend
1117 1907 1204 1937 war,
1232 1896 1303 1938 bei,
1327 1897 1395 1937 vgl.
1414 1896 1465 1937 36,
1490 1896 1543 1936 20,
1565 1897 1603 1935 4;

937 1941 1030 1972 Caes.
1042 1942 1075 1973 B.
1087 1940 1126 1973 G.
1144 1942 1172 1982 1,
1187 1941 1240 1981 33,
1256 1941 1290 1972 2;
1305 1943 1337 1972 iu
1352 1944 1447 1972 tanto
1460 1943 1602 1983 imperio

933 1986 1052 2030 populi
1069 1986 1121 2026 R„
1145 1986 1201 2018 (135
1226 1996 1266 2017 33
1290 1986 1360 2017 sieh
1384 1987 1484 2018 sehon
1507 1987 1602 2018 barte

936 2042 1079 2073 regnum
1099 2032 1143 2063 ist
1157 2032 1240 2063 noch
1255 2032 1357 2062 durch
1370 2033 1538 2074 inpotenti
1547 2041 1605 2072 ge-

936 2077 1089 2117 steigert,
1104 2088 1131 2108 5.
1147 2076 1199 2118 34,
1215 2076 1244 2118 2,
1259 2077 1288 2108 2.
1307 2095 1349 2099 -—-
1368 2076 1520 2115 civiliter,
1534 2077 1601 2117 vgl.

938 2122 974 2161 6,
993 2123 1054 2159 40,
1075 2123 1133 2160 15;
1161 2121 1218 2162 35,
1237 2122 1296 2161 56,
1322 2122 1352 2152 9.
1382 2141 1423 2144 —
1450 2123 1601 2163 praetor,

935 2167 1097 2198 Hannibal
1121 2177 1192 2197 war
1216 2167 1297 2198 nach
1318 2167 1389 2197 dem
1418 2165 1601 2197 Absehluss

937 2212 994 2242 des
1015 2212 1172 2243 Friedens
1191 2212 1249 2243 mit
1266 2211 1348 2242 Rom
1367 2211 1555 2252 angeklagt,
1574 2221 1598 2242 5.

936 2256 1018 2289 Zon.
1045 2258 1080 2296 9,
1110 2258 1147 2289 14
1172 2268 1199 2288 3.
1224 2257 1274 2298 Ε.,
1298 2257 1377 2287 aber
1400 2255 1600 2298 freigespro—

936 2302 1032 2341 chen,
1057 2303 1141 2333 daun
1165 2303 1247 2333 nach
1264 2302 1335 2332 dein
1354 2301 1524 2333 VVunsche
1541 2301 1599 2332 der

934 2346 1054 2378 Riimer
1071 2358 1136 2379 von
1154 2347 1213 2378 der
1229 2346 1387 2387 Fiihrung
1403 2347 1460 2377 des
1474 2346 1598 2377 Heeres

935 2391 1096 2434 entfernt,
1121 2392 1234 2434 spiiter
1253 2391 1374 2432 jedoeh
1396 2390 1518 2422 Pr'ator
1542 2400 1599 2430 ge·-

934 2438 1087 2475 worden,
1113 2448 1139 2469 5.
1159 2436 1256 2467 Corn.
1275 2436 1297 2467 1.
1315 2436 1338 2467 l.
1361 2436 1424 2467 lulc
1443 2435 1598 2475 (Cartha-

929 2484 1058 2523 ginem)
1073 2485 1112 2514 ut
1125 2482 1235 2519 redut,
1250 2484 1391 2524 praetor
1404 2481 1523 2522 factus
1536 2482 1596 2519 est,

929 2530 1108 2569 postquam
1130 2538 1193 2559 rea·
1216 2527 1335 2568 fuerat
1353 2530 1416 2557 etc.
1450 2525 1541 2557 Nach
1558 2524 1595 2556 L.
