1715 2723
113 149 141 167 a.
161 137 211 165 Ch.
232 137 290 164 187.

531 135 672 171 ‚LIBER
698 137 893 170 XXXVIII.
924 137 1014 169 CAP.
1042 140 1094 172 49.

1445 135 1526 177 363

115 245 286 288 virtutes,
308 252 559 291 corrumpere
578 240 747 279 honores
772 252 816 279 ac
838 241 1005 291 praemia
1028 253 1172 281 earum.
1204 241 1297 280 mihi
1319 254 1462 293 quaeso
1478 244 1529 283 ita
1547 247 1566 279 6

114 297 329 352 ignoscatis,
352 302 479 348 patres
502 296 721 347 conscripti,
742 296 774 335 si
793 296 1009 347 longiorem
1030 298 1242 337 orationem
1273 309 1353 336 non
1376 300 1527 350 cupidi-

112 362 169 396 tas
190 354 377 406 gloriandi
402 354 449 392 de
479 365 553 400 me,
582 352 648 392 sed
680 353 892 391 necessaria
913 353 1118 392 criminum
1141 354 1314 393 defensio
1337 356 1435 394 fecit.
1480 369 1529 395 an
1547 362 1567 393 7

115 412 230 451 etiam
255 423 325 462 per
346 409 550 449 Thraciam
578 409 695 447 saltus
716 415 900 459 patenteS,
924 410 991 460 qui
1021 411 1172 461 angusti
1203 417 1321 457 erant,
1351 418 1388 451 et
1415 413 1528 463 plana

115 481 163 508 ex
183 467 314 507 arduis
338 472 375 505 et
394 467 493 505 culta
514 478 559 504 ex
579 465 815 503 silvestribus
837 467 962 504 facere
976 467 1085 516 potui
1106 472 1143 505 et
1162 474 1367 518 praestare,
1387 469 1528 508 necubi

102 525 218 564 notis
240 523 312 571 sihi
334 522 487 562 latebris
509 521 776 560 delitescerent
795 522 963 560 latrones
978 522 1158 570 Thraces,
1179 536 1227 561 ne
1250 525 1341 575 quid
1357 525 1528 565 sarcina-
1547 530 1566 562 8

114 594 203 620 rum
233 585 445 631 raperetur,
475 590 524 616 ne
555 577 660 628 quod
680 577 898 616 iumentum
919 590 966 616 ex
987 584 1090 617 tanto
1112 581 1263 630 agmine
1287 580 1528 621 abstrahere—

113 643 189 682 tur,
213 649 262 675 ne
283 636 369 687 quis
390 636 668 679 vulneraretur,
698 645 747 671 ne
768 646 814 671 ex
834 634 993 672 vulnere
1016 635 1072 673 vir
1094 636 1203 674 fortis
1227 649 1270 674 ac
1286 643 1467 676 strenuus
1483 639 1529 686 Q.

113 693 304 732 Minucius
327 688 574 731 moreretur?
595 690 635 728 in
656 690 730 727 hoc
752 702 853 736 casu,
877 702 954 741 quo
968 691 1170 730 infeliciter
1193 693 1336 740 incidit,
1360 700 1402 732 ut
1415 695 1528 733 talem
1548 705 1568 737 9

114 750 237 788 civem
258 748 532 792 amitteremus,
553 747 732 792 haerent,
761 747 866 797 quod
889 747 984 786 saltu
1008 747 1154 798 iniquo,
1184 749 1270 787 loco
1291 750 1415 788 alieno
1438 763 1528 789 cum
1550 762 1590 796 10

113 806 271 844 adortus
304 817 375 842 nos
407 803 526 842 hostis
556 808 667 849 esset,
707 803 804 841 duae
837 803 952 842 simul
990 804 1090 842 acies
1118 805 1233 855 primi
1264 812 1301 844 et
1329 806 1530 845 novissimi

113 862 275 912 agminis
295 860 517 899 haerentem
537 859 582 897 ad
604 859 879 909 impedimenta
901 865 1032 899 nostra
1045 861 1255 900 exercitum
1275 861 1530 901 barbarorum

114 919 466 963 circumvenerunt,
487 915 591 966 quod
614 916 731 954 multa
750 916 851 954 milia
868 917 953 967 ipso
969 917 1040 963 die,
1063 917 1173 967 plura
1194 918 1314 957 multo
1340 924 1428 969 post
1449 919 1529 958 dies
1552 930 1591 962 11

103 986 262 1025 >paucos
283 973 506 1012 ceciderunt
528 978 564 1010 et
586 977 784 1022 ceperunt,
808 973 893 1019 hoc,
919 973 950 1011 si
980 973 1053 1023 ipsi
1081 974 1281 1021 tacuerint,
1313 988 1382 1014 vos
1409 976 1530 1014 scitu-

115 1043 193 1076 ros,
215 1042 305 1069 cum
325 1030 429 1068 testis
451 1028 634 1068 orationis
655 1040 761 1067 meae
791 1034 894 1067 totus
924 1030 1112 1068 exercitus
1143 1031 1201 1077 sit,
1233 1043 1313 1069 non
1336 1030 1530 1070 eredunt?

102 1087 146 1136 ,si
167 1086 334 1137 gladium
348 1086 387 1123 in
403 1085 491 1124 Asia
505 1097 585 1122 non
600 1085 850 1137 strinxissem,
872 1086 904 1124 si
918 1086 1068 1124 hostem
1085 1098 1164 1124 non
1181 1087 1373 1134 vidissem,
1397 1094 1527 1126 tamen
1549 1098 1592 1131 12

113 1243 240 1281 ziehen,
273 1241 352 1274 Sall.
389 1241 411 1274 Ι.
450 1244 502 1281 53,
538 1243 566 1275 8.
598 1260 640 1264 -
665 1244 702 1274 de
727 1253 783 1280 me,

114 1291 169 1329 22,
197 1290 250 1327 39,
278 1289 316 1330 93
346 1290 395 1321 17.
421 1305 464 1310 —
488 1290 656 1319 criminum
674 1288 786 1328 defen-

113 1337 170 1375 sio,
206 1333 470 1374 Vertheidigung
493 1343 606 1373 gegen,
635 1332 786 1364 Zuriick-

115 1379 264 1420 weisung
289 1379 347 1410 der
363 1378 546 1418 Auklagen,
573 1379 656 1409 nach
673 1379 785 1418 defen-

115 1428 188 1458 dere
210 1427 356 1463 crimina,
382 1426 437 1465 42,
461 1424 515 1462 48,
542 1425 571 1463 2,
598 1423 664 1464 vgl.
681 1423 786 1464 Quin-

116 1470 165 1502 til.
195 1472 225 1510 7,
261 1471 292 1510 4,
333 1471 370 1502 3:
402 1469 542 1508 defensio
565 1475 609 1500 esc
633 1471 785 1501 criminis.

115 1534 159 1539 -—
173 1516 260 1557 feeit,
289 1514 338 1546 bis
361 1513 448 1555 jctzt
464 1515 574 1554 sehon,
602 1524 653 1545 wo
672 1524 708 1546 er
725 1515 785 1546 den

113 1560 255 1593 zweiten
288 1559 386 1591 Theil
420 1560 478 1591 der
509 1559 597 1591 Reae
622 1559 785 1599 schliesst,

116 1607 183 1649 vgl.
205 1608 259 1646 34,
287 1607 340 1647 31,
370 1607 418 1639 19.

162 1700 218 1735 7-,
232 1698 282 1729 13.
302 1707 344 1727 cm
363 1699 437 1736 ete„
458 1696 514 1727 das
535 1696 616 1728 eben
630 1695 785 1738 Gesagte,

115 1744 135 1783 ἓ
161 1745 198 1783 5,
230 1742 293 1783 gilt
321 1742 404 1773 auch
432 1751 495 1772 von
523 1742 604 1781 (16111,
640 1751 710 1773 was
735 1741 787 1772 die

117 1788 249 1829 Gegner
275 1787 356 1819 iiber
384 1787 435 1828 (116
453 1785 605 1819 Vorffillc
630 1786 661 1818 in
679 1786 787 1818 Thra-

116 1834 189 1865 cien
222 1833 443 1873 vorgebracht
480 1832 603 1874 haben,
642 1843 702 1863 nur
729 1842 787 1864 aus

115 1879 296 1919 Missgunst
319 1878 425 1910 haben
448 1877 496 1909 sie
522 1877 678 1919 getadelt,
705 1878 788 1909 deun

116 1925 171 1956 ich
187 1924 308 1955 konnte
327 1924 408 1954 doch
430 1923 521 1954 nicht
538 1934 568 1954 u.
589 1934 613 1954 s.
630 1933 682 1962 w.,
710 1923 788 1955 oder

116 1980 231 2010 wegen
249 1972 360 2001 etiam:
379 1969 432 2000 ich
452 1968 551 2000 sollte
567 1968 634 1999 wol
651 1978 729 2009 gar3
745 1968 788 1999 im

115 2015 209 2056 Folg.
224 2014 268 2046 ist
285 2015 343 2046 der
356 2014 515 2047 Wechsel
529 2015 586 2046 der
600 2014 786 2046 construet.

116 2072 157 2093 zu
176 2060 347 2092 beachten.
369 2078 412 2082 —
432 2062 553 2099 necubi,
571 2060 636 2100 vgl.
652 2061 683 2098 2,
700 2061 730 2099 2,
753 2061 789 2100 1;

117 2108 172 2146 22,
190 2107 222 2145 2,
249 2107 278 2138 3.
306 2123 350 2127 —
373 2117 448 2138 casu
476 2124 517 2127 —
545 2116 604 2146 quo
629 2107 737 2145 incid„
763 2116 787 2137 s.

117 2153 172 2191 26,
190 2153 244 2190 32,
267 2154 296 2184 5.
316 2169 359 2173 -
377 2153 488 2183 incidit
509 2150 706 2192 impersonal
725 2150 789 2182 wie

116 2201 210 2229 sonst
233 2198 354 2237 accidit,
379 2207 404 2228 s.
431 2207 456 2228 c.
484 2198 537 2236 58,
558 2198 599 2238 93
625 2196 742 2227 anders
761 2206 788 2227 c.

116 2244 172 2282 46,
200 2244 236 2282 43
265 2244 318 2280 45,
349 2243 379 2282 8,
414 2245 454 2284 53
494 2243 544 2281 10,
582 2242 631 2280 18,
670 2243 719 2274 14.
745 2259 787 2264 —

115 2287 453 2325 Izaerem‚klam1nern
479 2287 549 2318 sich
574 2296 635 2328 an,
660 2287 789 2318 konnen

118 2333 209 2365 nicht
235 2333 341 2364 (lavon
366 2333 522 2364 kommen.
548 2349 591 2355 —
615 2334 700 2373 quod
715 2336 790 2374 etc.‚

117 2378 170 2410 die
201 2377 392 2410 ‚Thatsache
428 2378 489 2409 den
531 2377 687 2409 Umstand
730 2388 789 2409 an-

117 2424 260 2465 langend
284 2442 326 2446 —
351 2423 492 2464 glauben
516 2422 563 2454 sie
589 2422 679 2454 nicht
708 2434 737 2454 u.
762 2434 788 2454 s.

116 2477 180 2512 w.;
214 2469 293 2500 weil
326 2469 503 2500 besonders
538 2467 598 2500 auf
635 2468 688 2500 die
729 2469 789 2500 den

117 2514 147 2546 V
151 2513 280 2546 orwurf
296 2514 354 2546 der
373 2513 504 2555 Gegner
524 2513 789 2555 widerlegenden

116 2558 222 2592 Facta
252 2560 474 2601 hingewiesen
514 2560 647 2591 werden
679 2559 787 2601 sollte,

854 1241 898 1273 ist
924 1252 985 1273 nur
1008 1243 1064 1274 hoe
1082 1241 1200 1282 Object
1225 1252 1291 1274 von
1315 1244 1449 1275 scituros
1472 1252 1530 1284 ge-

854 1287 1000 1325 worden,
1040 1290 1125 1328 quod
1164 1291 1226 1319 etc.
1274 1287 1529 1329 selbstandiger,

855 1332 943 1363 nicht
976 1332 1008 1362 ia
1044 1342 1109 1363 acc.
1144 1343 1169 1364 c.
1210 1332 1267 1364 inf.
1299 1333 1530 1374 ausgedriickt,

854 1378 920 1418 vgl.
947 1378 1000 1416 39,
1028 1378 1081 1417 39,
1108 1380 1146 1420 63
1174 1379 1228 1418 40,
1258 1380 1309 1419 14,
1345 1380 1382 1418 53
1416 1380 1446 1418 4,
1475 1380 1528 1418 29,

856 1424 894 1462 83
921 1422 985 1454 Cic.
1010 1422 1100 1453 Fam.
1131 1425 1160 1464 3,
1191 1426 1220 1463 8,
1248 1424 1285 1456 6:
1313 1434 1356 1454 an
1380 1441 1424 1445 -
1448 1425 1533 1455 m'hz'l

854 1470 972 1500 dietum
990 1470 1112 1507 putas?
1136 1479 1175 1500 ne
1198 1471 1254 1501 hoc
1279 1470 1416 1510 quidem,
1443 1471 1533 1510 quod

855 1532 895 1536 —
920 1517 1084 1551 t7·ansz'st2'‚-
1109 1513 1188 1545 Tac.
1214 1514 1298 1545 Anu.
1326 1515 1355 1554 3,
1383 1516 1443 1553 543
1469 1524 1530 1546 an-

856 1559 952 1591 derer
979 1559 1041 1590 Art
1069 1559 1112 1590 ist
1140 1559 1174 1591 L.
1201 1561 1256 1600 42,
1296 1561 1351 1599 33,
1378 1562 1417 1602 43
1450 1570 1530 1591 ver-

856 1604 978 1635 dorben
1015 1606 1045 1643 3,
1084 1606 1136 1643 52,
1170 1607 1207 1645 23
1247 1607 1301 1644 45,
1338 1606 1394 1645 41,
1426 1606 1454 1638 1.
1487 1623 1531 1628 —-

856 1652 993 1683 haerent.
1018 1653 1081 1691 ad„
1109 1650 1176 1691 vgl.
1195 1649 1314 1682 Catull.
1333 1651 1387 1690 21,
1414 1651 1434 1683 6
1460 1649 1528 1691 (11,

857 1695 929 1736 25):
953 1697 1062 1727 haeres
1078 1698 1121 1727 ad
1135 1699 1238 1735 latus;
1262 1695 1336 1728 Val„
1362 1694 1389 1727 F
1392 1695 1472 1727 lacc.
1499 1697 1529 1735 3,

858 1742 940 1773 641:
966 1743 1072 1774 haeret
1090 1744 1133 1773 ad
1146 1753 1214 1782 ora,
1233 1741 1286 1773 bei
1305 1740 1343 1774 L.
1369 1745 1461 1773 sonst
1482 1740 1530 1772 oft

856 1786 915 1817 mit
941 1788 994 1824 ίης
1019 1798 1042 1818 s.
1077 1796 1103 1819 c.
1136 1789 1189 1827 27,
1222 1788 1258 1819 3:
1291 1788 1327 1818 in
1349 1788 1463 1819 eastris
1487 1804 1530 1809 —-

857 1834 1033 1871 haeserunt,
1075 1831 1123 1863 oft
1162 1836 1198 1864 in
1221 1834 1366 1874 vesciyz'03
1412 1834 1440 1872 1,
1478 1834 1529 1872 14,

862 1879 919 1910 11:
952 1880 986 1908 in
1018 1884 1120 1920 ter-903
1156 1879 1186 1917 8,
1217 1879 1270 1918 38,
1308 1879 1348 1911 14
1374 1888 1406 1909 u.
1431 1887 1459 1908 a.
1485 1895 1529 1900 ——

856 1925 934 1962 ipso,
960 1922 1237 1955 wahrscheinlich
1261 1923 1305 1954 ist
1330 1925 1385 1955 illo
1404 1926 1471 1963 ipso
1491 1934 1531 1954 zu

857 1968 957 2008 lesen,
986 1979 1012 1999 s.
1043 1971 1072 2009 5,
1110 1970 1164 2009 43,
1198 1971 1228 2002 4.
1255 1987 1298 1990 -—
1323 1980 1395 2001 eum
1423 1986 1465 1991 —
1490 1970 1533 2000 sit

858 2014 903 2045 ist
943 2014 1009 2045 wol
1050 2013 1195 2046 ironisch
1235 2014 1284 2045 als
1327 2012 1443 2046 Grund
1475 2014 1531 2046 des

857 2058 1129 2091 Nichtersahrens
1154 2070 1195 2091 zu
1220 2060 1368 2099 nehmen,
1394 2059 1457 2090 wie
1476 2061 1529 2098 26,

858 2106 911 2144 41,
941 2106 997 2137 17:
1019 2108 1106 2145 quia,
1132 2105 1222 2136 nicht
1252 2105 1302 2136 als
1332 2104 1526 2136 wil-klicher

859 2148 971 2181 Grund
997 2150 1052 2182 des
1081 2149 1261 2183 Erfahreus
1291 2151 1340 2181 od.
1375 2151 1424 2182 als
1448 2149 1528 2181 Ein-

858 2195 1026 2236 r'ziumung.
1063 2214 1107 2218 -—
1134 2198 1215 2228 duae
1245 2208 1269 2229 8.
1304 2207 1363 2235 aa,
1388 2205 1457 2227 was
1482 2195 1532 2226 als

858 2239 1125 2282 Nachliissigkeit
1171 2241 1365 2282 ‹lm-gestent
1402 2241 1528 2280 wurde,

858 2296 884 2317 c.
921 2288 976 2326 46,
1011 2288 1040 2325 8,
1074 2297 1146 2318 war
1181 2287 1302 2327 gerade
1338 2290 1396 2327 gut
1431 2296 1532 2327 ange-

859 2332 985 2371 orduet,
1028 2331 1256 2364 vortheilhaft.
1298 2349 1343 2354 —-
1376 2334 1470 2371 testis,
1503 2342 1531 2363 s·

859 2378 912 2417 31,
948 2379 1001 2417 49,
1040 2379 1088 2410 11.
1121 2396 1164 2400 —
1185 2379 1360 2418 proconsul
1397 2378 1456 2409 hat
1473 2386 1533 2408 nur

858 2422 910 2454 die
947 2422 1009 2455 Mz.
1045 2423 1111 2463 Hs,
1149 2433 1182 2454 es
1218 2424 1309 2455 steht
1335 2422 1410 2454 hier
1448 2422 1531 2454 ohne

857 2468 1043 2509 Beziehung
1083 2469 1147 2500 und
1183 2467 1308 2509 Grund,
1351 2468 1529 2500 besonders

859 2514 900 2545 da
934 2513 1075 2546 Manlius
1111 2514 1194 2546 auch
1230 2514 1263 2545 in
1299 2513 1399 2545 Asien
1432 2514 1533 2544 sehon

858 2558 953 2591 Proc.
979 2569 1061 2600 war,
1085 2571 1111 2591 s.
1138 2570 1163 2592 c.
1189 2561 1243 2600 37,
1273 2561 1308 2601 1;
1334 2559 1451 2591 anders
1478 2559 1532 2598 35,
