1715 2723
149 636 190 668 10
210 634 371 672 classem
408 634 585 673 transire.

207 82 290 124 206

618 80 744 113 LIBER
763 80 941 115 XXXVII.
970 80 1061 113 CAP.
1081 83 1134 115 28.
1153 83 1206 115 29.

1471 87 1498 106 a.
1518 87 1547 106 u.
1566 79 1629 108 564.

169 192 190 224 8
208 190 359 236 portus,
387 190 430 222 ut
459 183 523 222 vix
553 183 650 222 duae
678 183 793 222 simul
818 183 909 222 inde
931 196 1050 222 naves
1069 183 1220 234 possint
1241 183 1357 223 exire.
1401 183 1493 222 inde
1513 189 1628 223 nocte

212 252 403 290 occupare
426 241 556 278 fauces
578 239 835 291 Polyxenidas
854 240 896 278 in
918 240 1046 278 animo
1069 239 1244 286 habebat,
1276 245 1312 279 et
1331 240 1440 279 denis
1463 240 1627 279 navibus

209 297 255 335 ad
278 296 553 346 promunturia
569 295 770 343 stantibus,
792 307 890 346 quae
909 296 956 335 ab
977 302 1145 346 utroque
1159 308 1284 335 cornu
1299 296 1339 334 in
1349 297 1465 335 latera
1476 308 1626 335 exeun—

208 353 307 391 tium
337 352 494 390 navium
524 358 755 402 pugnarent,
785 364 833 391 ex
863 358 987 392 cetera
1009 353 1140 398 classe,
1171 352 1270 391 sicut
1288 353 1335 391 ad
1355 352 1626 392 Panhormum

210 410 372 455 fecerat,
400 409 555 447 armatis
586 408 628 446 in
658 409 785 447 littora
816 409 998 460 expositis
1028 414 1128 448 terra
1158 408 1333 459 marique
1365 409 1480 447 simul
1504 408 1626 447 hostis

170 466 189 498 9
211 464 446 515 opprimere.
487 464 593 515 quod
614 477 695 503 non
718 477 862 503 vanum
885 465 919 504 ei
941 465 1148 504 consilium
1170 465 1317 512 fuisset,
1348 465 1400 511 ni,
1431 477 1520 503 cum
1545 465 1627 504 Teii

209 522 381 559 facturos
412 533 454 559 se
483 521 669 572 imperata
699 521 990 571 promisissent,
1035 522 1081 560 ad
1112 521 1358 572 accipiendos
1389 526 1628 560 commeatus

209 577 334 627 aptius
356 577 484 616 visum
508 582 609 616 esset
626 578 814 617 Romanis
833 578 874 616 in
895 591 984 616 eum
1004 583 1175 628 portum,
1205 577 1272 628 qui
1292 583 1379 616 ante
1400 577 1540 616 urbem
1560 582 1628 625 est,

654 634 793 673 dicitur
823 640 860 673 et
884 635 1083 673 Eudamus
1110 634 1286 673 Rhodius
1313 633 1447 672 vitium
1473 634 1629 672 alterius

211 695 349 741 portus
379 690 617 742 ostendisse,
649 703 739 728 cum
760 693 860 730 forte
881 691 979 730 duae
999 703 1116 729 naves
1138 691 1179 729 in
1199 696 1281 729 arto
1303 690 1400 729 ostio
1421 690 1628 741 implicitos

150 749 187 781 11
210 759 340 785 remos
371 747 598 798 fregissent,
629 753 666 785 et
694 747 793 785 inter
824 748 893 786 alia
920 747 958 785 id
986 759 1144 798 quoque
1166 747 1287 785 movit
1315 752 1554 798 praetorem,
1585 753 1629 785 ut

208 803 429 842 traduceret
458 803 631 849 classem,
663 803 769 853 quod
801 803 847 841 ab
876 808 977 841 terra
1005 803 1220 854 periculum
1247 809 1338 849 erat,
1365 803 1467 841 haud
1489 803 1628 853 procul

132 863 190 903 29
209 859 299 898 inde
322 859 513 898 Antiocho
537 859 669 897 stativa
692 859 869 898 habente.
899 860 1089 898 Traducta
1110 860 1229 897 classe
1252 859 1299 897 ad
1322 859 1462 897 urbem
1483 859 1626 909 ignaris

211 915 395 954 omnibus
425 915 569 966 egressi
597 915 733 954 milites
766 921 983 966 nautaeque
1006 921 1098 954 sunt
1116 916 1162 954 ad
1184 920 1421 954 commeatus
1442 920 1479 953 et
1493 915 1629 954 vinum

170 986 189 1017 2
210 972 377 1010 maxime
397 971 648 1010 dividendum
669 972 710 1010 in
734 984 863 1019 naves,
887 984 977 1010 cum
1000 972 1127 1010 medio
1154 974 1253 1010 forte
1274 971 1346 1010 diei
1367 971 1524 1022 agrestis
1540 971 1628 1022 qui-

209 1028 297 1066 dam
328 1028 375 1066 ad
405 1033 625 1078 praetorem
657 1028 847 1067 adductus
877 1028 1029 1067 nuntiat
1057 1029 1218 1067 alterum
1249 1028 1325 1066 iam
1345 1028 1444 1066 diem
1468 1028 1629 1066 classem

209 1091 309 1123 stare
331 1090 417 1123 ante
428 1084 594 1122 insulam
606 1084 765 1131 Macrin,
788 1091 824 1124 et
835 1085 950 1136 paulo
962 1091 1049 1124 ante
1061 1085 1158 1123 visas
1170 1084 1357 1135 quasdam
1367 1084 1516 1123 moveri
1528 1089 1629 1122 tam-

169 1149 188 1181 3
209 1153 327 1191 quam
347 1140 394 1179 ad
415 1141 700 1191 profectionem
721 1154 852 1180 naves.
901 1154 943 1180 re
966 1141 1091 1180 subita
1118 1141 1320 1192 perculsus
1349 1146 1505 1191 praetor
1523 1140 1628 1179 tubi-

211 1197 316 1236 cines
348 1209 485 1236 canere
511 1196 628 1245 iubet,
660 1203 713 1243 ut,
747 1198 779 1236 si
810 1198 877 1248 qui
907 1211 977 1248 per
1004 1210 1117 1249 agros
1140 1197 1252 1248 palati
1273 1203 1412 1244 essent,
1437 1197 1628 1244 redirent3

209 1253 387 1293 tribunos
407 1254 447 1292 in
471 1253 608 1292 urbem
634 1254 748 1293 mittit
767 1255 813 1292 ad
839 1255 1034 1305 cogendos
1056 1254 1194 1293 milites
1216 1259 1430 1304 nautasque
1443 1254 1484 1292 in
1499 1266 1629 1292 naves.

167 1314 189 1346 4
208 1310 313 1348 haud
335 1322 447 1349 secus
471 1321 589 1360 quam
608 1310 649 1348 in
670 1311 874 1360 repentino
895 1311 1076 1349 incendio
1103 1316 1168 1349 aut
1179 1316 1286 1360 capta
1297 1310 1630 1361 urbetrepidatur,

208 1367 290 1405 aliis
312 1367 353 1404 in
376 1366 513 1405 urbem
535 1366 783 1406 currentibus
803 1367 848 1405 ad
872 1379 965 1405 suos
986 1367 1240 1413 revocandos,
1271 1366 1351 1405 aliis
1372 1379 1419 1405 ex
1441 1366 1538 1405 urbe
1557 1378 1629 1404 na-

208 1435 275 1461 ves
298 1435 416 1461 cursu
438 1423 714 1473 repetentibus,
745 1424 983 1474 incertisque
1009 1423 1256 1469 clamoribus,
1285 1422 1427 1472 quibus
1446 1422 1540 1473 ipsis
1563 1428 1627 1461 tu-

211 1563 250 1568 —
272 1546 422 1577 coeumib.
450 1544 543 1576 nicht
563 1545 719 1576 wortlieh
740 1556 780 1577 zu
804 1546 884 1577 neh-

208 1600 292 1630 men,
318 1590 477 1622 sondern:
510 1589 667 1621 einander
691 1601 774 1632 ganz
801 1591 884 1622 nahe

208 1636 337 1670 kamen.
362 1653 405 1658 —-
430 1638 514 1673 inde,
542 1635 689 1675 deshalh,
715 1647 739 1668 s.
771 1638 799 1675 1,
829 1636 883 1676 32,

208 1683 245 1715 2:
275 1683 348 1713 inde
371 1699 416 1703 —
432 1682 529 1720 facta
546 1692 623 1720 spes.
648 1699 692 1704 —-
718 1689 818 1714 cetera
837 1684 885 1721 eL,

209 1729 262 1767 35,
294 1728 348 1767 26,
383 1728 420 1759 9:
453 1733 551 1759 cetera
587 1729 715 1767 classis,-
750 1727 817 1768 vgl.
851 1728 883 1767 3,

212 1774 264 1812 19,
291 1774 322 1805 9.
350 1790 393 1794 -
419 1775 563 1811 armatis,
593 1772 658 1813 vgl.
685 1783 710 1804 c.
740 1774 791 1813 11,
819 1774 849 1805 6.

255 1819 378 1850 9-11.
403 1824 476 1850 ante
499 1820 579 1857 urb„
605 1828 630 1849 s.
657 1829 697 1849 zu
722 1829 747 1849 c.
778 1820 833 1858 27,
853 1819 883 1850 9.

209 1881 254 1887 —
305 1866 433 1903 vitium,
484 1863 535 1895 die
575 1861 774 1895 fehlerhafte
822 1864 884 1895 Be—

209 1908 436 1941 schaffenheit.
455 1927 497 1931 —
523 1920 591 1940 cum
608 1910 654 1950 f.,
681 1909 730 1941 als
759 1920 795 1941 er
811 1910 883 1949 sah,

210 1953 331 1985 darauf
363 1954 514 1986 hinwies.
548 1971 590 1977 —
624 1957 707 1987 inter
744 1958 795 1993 al„
832 1955 884 1986 die

209 1999 350 2040 iibrigen
386 1998 518 2031 Griinde
554 2010 668 2031 ausser
699 2001 759 2032 den
794 1999 815 2041 ξ
844 2002 883 2034 10

210 2045 405 2076 erwiihnten
444 2044 516 2076 sind
557 2045 648 2076 nicht
686 2046 885 2086 angegeben.

209 2107 254 2112 --
275 2092 445 2130 Antiocho,
472 2100 498 2121 c.
525 2092 578 2129 26,
610 2092 636 2123 1.

257 2133 324 2172 29.
354 2137 451 2169 1-2,
477 2139 521 2168 ad
542 2138 623 2176 urb„
650 2136 727 2168 weil
743 2137 801 2168 der
818 2135 884 2168 Ge-

210 2181 371 2213 raesticus
384 2185 498 2223 portus
512 2182 596 2212 nach
611 2191 637 2215 c,
652 2183 705 2221 27,
725 2183 744 2214 9
765 2182 885 2213 weiter

210 2225 356 2258 entfernt
372 2236 454 2267 war,
481 2237 506 2257 c.
529 2228 582 2266 28,
611 2228 650 2260 9:
675 2234 747 2259 ame
767 2229 883 2259 urbem.

209 2290 253 2294 -—
298 2275 422 2314 {quari-⁹
464 2283 549 2305 omn.
592 2272 636 2303 ist
686 2272 885 2304 schwerlich

209 2317 323 2360 passiv
363 2328 402 2348 zu
438 2318 585 2357 nehmcn,
637 2319 795 2349 sondern:
844 2318 885 2349 da

210 2363 277 2394 alle
302 2362 409 2394 nichts
430 2367 586 2402 wussten,
605 2363 662 2394 das
684 2362 802 2403 object
829 2373 884 2395 er-

210 2408 302 2449 giebt
341 2408 412 2439 sich
452 2418 509 2440 aus
558 2408 630 2440 dem
678 2408 884 2449 Vorhcrgeh.

213 2452 392 2494 Ucbrigens
418 2453 490 2485 sind
515 2453 567 2485 die
591 2457 705 2487 milites
740 2461 883 2495 nautaeq.

212 2498 270 2530 der
295 2500 423 2540 griisste
440 2498 535 2531 Theil
563 2499 621 2531 der
646 2511 761 2540 omnes,
777 2510 802 2531 s,
828 2501 883 2539 36,

954 1547 985 1585 7,
1017 1547 1067 1578 18.
1084 1563 1128 1567 -
1148 1547 1265 1587 cyressz'
1287 1556 1310 1577 s.
1331 1563 1372 1567 —
1392 1556 1462 1577 oum
1484 1547 1624 1577 nuntiat>

953 1591 1020 1631 vgl.
1061 1601 1101 1622 zu
1138 1592 1192 1631 24,
1231 1591 1285 1630 29,
1324 1592 1352 1631 1,
1389 1589 1440 1622 dic
1471 1591 1630 1631 gewiihn·

953 1635 1040 1668 liche
1078 1635 1204 1668 Constr.
1241 1635 1262 1677 ξ
1301 1638 1332 1669 ’7.
1370 1654 1415 1658 --
1453 1638 1573 1676 vinum,
1601 1646 1629 1667 c.

954 1683 1009 1721 27,
1037 1683 1065 1714 2.
1093 1699 1137 1703 —
1162 1684 1260 1713 medio
1276 1682 1311 1721 f.
1337 1684 1381 1722 d„
1407 1681 1473 1722 vgl.
1499 1682 1554 1721 26,
1573 1683 1629 1722 45,

956 1729 992 1761 8:
1018 1730 1156 1759 medium
1172 1728 1281 1768 ferme
1308 1729 1373 1759 diez·
1395 1733 1472 1761 erat.
1498 1745 1540 1749 —
1557 1733 1631 1760 ante

952 1775 1024 1814 ins„
1050 1784 1076 1804 e.
1102 1774 1156 1812 28,
1184 1774 1222 1805 9:
1245 1779 1319 1805 ante
1335 1774 1460 1815 urbem3
1485 1772 1527 1803 ih.
1548 1773 1568 1812 ἓ
1591 1775 1629 1806 5:

953 1821 1112 1850 adversm.
1139 1836 1184 1841 —
1211 1820 1353 1858 tubz'ez'n„
1387 1817 1438 1849 (lie
1465 1818 1548 1849 auch
1573 1817 1633 1850 auf

955 1864 1012 1895 der
1057 1863 1168 1896 Flotte
1218 1863 1270 1895 die
1320 1863 1454 1904 Signale
1513 1863 1627 1904 geben,

954 1921 1071 1948 canere,
1107 1911 1136 1944 2,
1173 1911 1228 1948 64,
1269 1911 1319 1942 10.
1346 1926 1390 1932 -
1414 1911 1445 1940 si
1465 1912 1531 1950 qui,
1559 1908 1627 1950 vgl.

955 1956 1009 1995 34,
1039 1957 1092 1994 50,
1120 1956 1157 1994 33
1185 1954 1237 1986 die
1255 1954 1394 1986 meisten
1419 1964 1531 1986 waren
1550 1954 1628 1994 wol,

953 1999 1087 2031 worauf
1117 2002 1137 2039 ἓ
1173 2002 1187 2033 1
1221 2003 1338 2042 eqressz'
1366 2017 1412 2023 —
1435 2011 1530 2032 naves
1553 1999 1628 2031 hin-

954 2045 1062 2085 weist,
1082 2045 1114 2076 in
1140 2045 1197 2077 der
1223 2045 1329 2077 Stadt.
1352 2063 1395 2069 -
1421 2047 1576 2085 tribunos,
1602 2056 1627 2077 s.

954 2102 979 2122 c.
997 2093 1049 2131 17,
1066 2093 1097 2130 9,
1113 2091 1158 2122 ist
1172 2101 1213 2122 an
1226 2102 1256 2123 u.
1270 2090 1316 2123 St.
1331 2091 1421 2122 nicht
1433 2089 1628 2130 auffalknd,

954 2137 995 2168 da
1014 2139 1127 2168 milites
1141 2137 1294 2168 erwa'hnt
1313 2137 1458 2176 werden,
1478 2135 1629 2177 obgleich

953 2182 1000 2214 sie
1026 2183 1109 2213 auch
1135 2182 1196 2214 (len
1222 2181 1391 2214 Matrosen
1415 2180 1548 2213 Befehle
1572 2191 1626 2213 er-

953 2227 1077 2259 theilen
1102 2227 1216 2259 sollen.

1000 2275 1099 2306 4—7.
1138 2280 1230 2313 capta
1264 2275 1349 2312 urbe,

954 2318 1178 2350 wiederholen
1214 2318 1258 2350 ist
1293 2318 1385 2349 nicht
1420 2317 1544 2358 niithig.
1582 2335 1625 2340 -—

953 2375 1061 2404 cursu,
1079 2365 1110 2402 2,
1128 2365 1181 2404 30,
1206 2365 1256 2397 13.
1278 2381 1315 2386 -
1337 2366 1475 2402 incertis,
1504 2363 1628 2404 passiv,

955 2410 1070 2441 dessen
1084 2409 1275 2450 Bedeutung
1287 2418 1361 2440 man
1378 2408 1466 2440 nicht
1490 2408 1624 2447 kannte,

954 2454 1044 2486 nicht
1072 2459 1205 2495 wusste,
1231 2464 1301 2485 was
1333 2452 1469 2494 gerufen
1501 2453 1626 2495 wurde,

954 2511 978 2531 s.
1005 2502 1060 2540 27,
1098 2501 1151 2540 37,
1187 2502 1222 2540 53
1254 2499 1322 2540 vgl.
1360 2499 1491 2531 Curtius
1517 2501 1548 2538 9,
1573 2500 1627 2542 35,

1389 2272 1471 2304 dazu
1509 2274 1544 2303 in
1588 2283 1627 2303 zu
