1715 2723
217 108 298 149 308

632 103 757 136 LIBER
770 102 964 136 XXXVIII.
989 102 1080 135 CAP.
1098 106 1150 137 22.
1165 105 1216 137 23.

1484 109 1511 128 a.
1530 110 1557 129 u.
1575 102 1635 129 565.

216 216 275 250 ret
303 219 452 261 agmen,
481 206 704 257 colligendis
736 218 806 256 per
835 205 1008 244 tumulos
1029 205 1126 252 telis,
1155 213 1198 244 ut
1219 206 1375 245 missilia
1396 206 1632 254 sufficerent,

179 270 198 300 '7
218 266 320 305 haud
350 275 465 314 segne
501 263 541 301 id
559 263 690 313 ipsum
710 269 865 312 tempus
889 267 1195 312 consumpserat.
1239 262 1314 301 iam
1335 263 1467 302 castris
1487 275 1632 314 appro-

218 320 476 373 pinquabant3
506 325 543 357 et
563 319 668 367 Galli,
700 330 748 356 ne
779 330 919 368 parum
942 330 982 356 se
1003 318 1243 357 munimenta
1268 331 1337 357 sua
1358 324 1541 369 tegerent,
1567 332 1631 358 ar-

219 378 309 416 mati
332 388 404 427 pro
426 376 527 414 vallo
552 375 813 413 constiterant.
854 374 983 413 obruti
1004 374 1143 413 deinde
1167 375 1273 413 omni
1292 387 1432 425 genere
1450 376 1630 422 telorum,

217 445 318 479 cum,
348 444 425 482 quo
448 432 579 482 plures
601 437 716 482 atque
737 430 937 469 densiores
958 437 1077 477 erant,
1097 443 1142 469 eo
1167 431 1296 469 minus
1316 431 1404 469 vani
1426 432 1635 482 quicquam

214 488 461 528 intercideret
490 488 565 534 teli,
594 488 695 526 intra
725 487 868 525 vallum
899 494 1097 526 momento
1127 487 1313 538 temporis
1345 488 1632 538 compelluntur

178 561 197 593 g
216 544 444 584 stationibus
474 550 625 582 tantum
654 544 776 582 firmis
803 544 850 582 ad
879 544 986 594 ipsos
1017 544 1140 582 aditus
1165 549 1366 594 portarum
1392 544 1543 582 relictis.
1590 544 1632 582 in

216 600 503 640 multitudinem
534 601 773 651 compulsam
794 601 834 639 in
857 607 980 639 castra
999 601 1055 639 vis
1079 601 1217 651 ingens
1241 599 1445 638 missilium
1464 600 1632 638 telorum

215 657 497 703 coniciebatur,
542 662 578 695 et
607 657 799 696 vulnerari
830 657 972 695 multos
997 657 1142 695 clamor
1171 656 1385 707 permixtus
1425 656 1634 695 mulierum

178 726 198 757 9
216 720 331 765 atque
354 725 570 765 puerorum
592 713 803 764 ploratibus
825 713 1071 763 significabat.
1097 714 1138 751 in
1159 725 1238 759 eos,
1260 713 1325 763 qui
1348 718 1478 763 portas
1499 713 1633 752 statio—

217 771 332 809 nibus
357 771 437 809 suis
459 770 685 816 clauserant,
707 769 906 820 legionum
929 770 1167 820 antesignani
1189 769 1263 821 pila
1285 769 1545 808 coniecerunt.
1585 769 1631 807 iis

216 839 308 866 vero
330 839 412 865 non
434 826 747 871 vulnerabantur,
770 825 837 863 sed
860 826 1178 864 transverberatis
1199 825 1317 864 scutis
1337 825 1511 876 plerique
1533 825 1634 864 inter

218 897 258 923 se
289 883 457 922 conserti
487 882 716 928 haerebant3
744 894 816 920 nec
842 881 985 921 diutius
1015 882 1204 932 impetum
1224 883 1493 920 Romanorum
1514 882 1632 920 susti-

141 949 199 990 23
218 945 402 979 nuerunt.
431 939 654 977 Patentibus
676 939 751 976 iam
773 938 906 988 portis,
927 939 1155 989 priusquam
1175 938 1438 988 irrumperent
1456 938 1633 984 victores,

219 999 310 1047 fuga
340 1008 360 1034 e
389 995 520 1033 castris
543 995 740 1034 Gallorum
769 994 809 1032 in
838 995 966 1033 omnis
996 1000 1123 1045 partes
1152 996 1249 1033 facta
1277 1000 1344 1033 est.
1394 1000 1515 1033 ruunt
1534 994 1635 1032 caeci

218 1065 288 1104 per
317 1052 408 1098 vias,
438 1064 507 1102 per
526 1051 648 1098 invia3
676 1051 779 1089 nulla
800 1051 1020 1101 praecipitia
1042 1064 1142 1097 saxa,
1173 1051 1298 1089 nullae
1319 1062 1435 1100 rupes
1460 1050 1631 1097 obstant3

180 1123 200 1154 2
218 1109 313 1147 nihil
333 1114 485 1159 praeter
506 1108 657 1146 hostem
679 1113 875 1146 metuunt:
906 1108 1033 1158 itaque
1052 1107 1226 1158 plerique
1241 1106 1467 1157 praecipites
1484 1119 1553 1157 per
1565 1119 1632 1145 va-

219 1171 316 1204 stam
343 1164 580 1203 altitudinem
614 1164 783 1215 prolapsi
811 1176 854 1202 ac
875 1163 1056 1202 debilitati
1078 1163 1357 1202 exanimantur.
1408 1163 1546 1201 consul
1568 1175 1633 1201 ca-

219 1222 293 1272 ptis
324 1221 456 1260 castris
488 1221 702 1271 direptione
732 1220 950 1271 praedaque
973 1220 1137 1259 abstinet
1155 1220 1335 1265 1nilite1n3
1366 1219 1475 1270 sequi
1502 1232 1572 1270 pro
1593 1232 1634 1258 se

181 1297 200 1329 3
221 1290 415 1329 quemque
437 1283 473 1315 et
490 1278 632 1315 instare
654 1283 691 1315 et
710 1277 897 1327 perculsis
919 1289 1103 1327 pavorem
1127 1276 1267 1315 addere
1286 1275 1403 1314 iubet.
1444 1288 1633 1326 superve—

219 1335 275 1373 nit
295 1340 332 1373 et
351 1334 514 1373 alterum
535 1346 624 1372 cum
639 1333 680 1371 L.
693 1333 833 1371 Manlio
857 1346 1014 1384 agmen3
1042 1345 1113 1371 nec
1133 1345 1199 1371 eos
1215 1338 1336 1371 castra
1354 1332 1498 1371 intrare
1520 1332 1633 1379 sinit;

219 1437 318 1476 colliy.
345 1453 387 1456 —
411 1437 471 1473 tel„
501 1436 552 1470 10,
579 1434 632 1470 29,
662 1435 701 1475 63
731 1444 807 1473 per:
838 1431 897 1464 auf

220 1499 263 1503 ---
288 1481 410 1512 herum.
442 1497 484 1502 —-—
504 1481 593 1510 haud
613 1490 703 1521 seyne
718 1497 762 1501 -
778 1482 892 1518 ipsum,

220 1525 312 1556 nicht
335 1537 375 1557 ne
399 1543 443 1547 ——
466 1527 602 1566 quidem,
638 1524 717 1555 weil
750 1524 800 1555 die
826 1523 893 1555 Ne-

219 1571 334 1612 gation
357 1570 418 1602 mit
440 1581 530 1612 seyne
547 1570 736 1601 verbunden
761 1569 893 1600 werden

220 1616 331 1655 sollte,
364 1627 389 1647 s.
426 1618 453 1655 1,
491 1617 544 1655 56,
573 1617 613 1655 83
650 1626 740 1656 seyne
774 1622 894 1653 tempus

220 1661 284 1693 wie
308 1663 412 1703 seqnis
434 1672 523 1693 mora
547 1662 600 1700 25,
636 1662 666 1700 8,
704 1661 760 1699 13,
793 1663 896 1701 scynis

216 1718 337 1749 pugma,
364 1708 480 1738 obsidio
506 1717 535 1737 u.
562 1716 602 1742 a.,
630 1709 722 1737 sonst
754 1705 895 1737 braueht

221 1752 257 1783 L.
290 1752 373 1783 auch
405 1752 462 1783 das
496 1751 640 1783 Adverb.
680 1754 824 1793 seynz'ter,
864 1752 894 1789 3,

222 1800 276 1837 70,
303 1799 321 1830 3
347 1809 376 1829 u.
402 1807 432 1830 a.
457 1815 500 1819 —
526 1803 554 1829 et
578 1798 674 1838 Galli,
706 1807 731 1828 s.
762 1798 814 1837 36,
844 1797 895 1835 12,

223 1845 253 1876 5.
279 1861 324 1864 —
355 1854 393 1875 ne
413 1854 534 1883 parum
569 1843 673 1883 hangt
703 1842 795 1873 mehr
830 1852 896 1873 von

221 1889 326 1920 einem
361 1899 401 1919 zu
442 1888 633 1920 denkenden
675 1887 801 1928 Begriff
838 1887 897 1919 der

222 1933 346 1964 Furcht
370 1934 421 1969 ab,
446 1933 495 1965 als
521 1944 585 1964 von
610 1936 728 1965 armati
749 1936 896 1965 constite-

221 1986 307 2011 rant.
327 1997 369 2000 —
386 1981 466 2010 vani
488 1981 596 2019 qm'dq.
617 1996 660 2001 —
680 1980 742 2011 teli.
762 1978 896 2010 {ihnlich

222 2026 255 2063 9,
278 2026 327 2061 16,
346 2026 382 2056 7:
409 2026 492 2056 nihil
513 2026 787 2063 sate'spraeparatz'
807 2031 896 2062 erat,-

225 2071 277 2109 32,
303 2071 354 2105 13.
370 2072 388 2101 ἵ
400 2081 406 2100 :
419 2072 537 2110 reliqui
546 2072 719 2110 quidquam
728 2071 812 2110 fult,
828 2070 894 2110 vgl.

224 2117 278 2154 37,
304 2116 358 2155 23,
388 2117 446 2154 113
472 2125 530 2146 zur
542 2115 647 2146 sache
662 2117 759 2151 c,26,
776 2117 813 2155 73
840 2116 894 2153 21,

224 2162 255 2198 8,
293 2161 324 2193 9.
359 2178 399 2182 -
441 2171 505 2192 non
541 2178 571 2181 —-
619 2163 681 2199 sed,
724 2160 777 2192 bei
824 2161 895 2192 dem

222 2205 461 2236 Durchstossen
494 2206 551 2237 der
582 2205 714 2237 Schilde
751 2206 894 2237 konnten

223 2250 389 2282 natiirlich
430 2252 515 2282 auch
556 2251 606 2282 die
647 2250 775 2282 Gallier
817 2261 894 2282 ver-

222 2296 358 2327 wundet
383 2296 525 2335 werden,
563 2296 642 2328 aber
674 2296 779 2327 dieses
811 2296 896 2327 wird

225 2340 257 2371 in
282 2351 430 2372 uuserem
453 2340 547 2373 Falle
581 2341 631 2373 als
667 2342 896 2373 unbedeutend

225 2386 426 2422 bezeichnet,
451 2396 547 2418 wenn
571 2387 662 2418 nicht
686 2387 743 2418 das
768 2386 895 2418 Zweite

224 2431 459 2471 hinzukommt,
486 2432 550 2473 vgl.
580 2443 605 2464 e.
634 2435 686 2471 50,
713 2434 750 2471 63
782 2434 813 2466 6.
844 2434 895 2473 13,

227 2478 263 2510 7:
292 2478 345 2509 23.
366 2479 394 2515 5,
417 2479 446 2509 7.
473 2495 515 2499 —
533 2480 661 2518 pleriq„
684 2478 760 2509 sehr
784 2477 888 2519 vieleg

223 2521 277 2552 die
311 2521 438 2553 Gallier
471 2524 609 2554 standen
648 2533 683 2554 so
720 2523 893 2563 gedr'angt,

963 1433 1037 1464 dass
1063 1433 1114 1465 die
1140 1432 1274 1464 Riinder
1308 1432 1365 1464 der
1388 1432 1520 1464 Schilde
1552 1432 1632 1464 iiber

962 1479 1119 1510 einander
1143 1478 1301 1517 reichten,
1324 1477 1388 1509 wie
1424 1480 1475 1517 10,
1509 1479 1562 1518 29,
1591 1480 1631 1520 ὃς

963 1524 1055 1555 Caes.
1089 1526 1116 1563 1,
1143 1526 1198 1563 25,
1227 1525 1263 1556 3:
1297 1525 1399 1556 Gallis
1429 1534 1539 1565 maqno
1565 1530 1634 1555 erat

962 1572 1190 1609 impedimento,
1229 1571 1316 1610 quod
1341 1570 1488 1608 pluribus
1527 1580 1635 1601 eorum

962 1618 1058 1646 scutis
1083 1626 1147 1647 uno
1172 1617 1236 1647 ictu
1256 1616 1397 1653 pilorum
1420 1617 1584 1654 tram-'fixis
1607 1622 1635 1646 et

962 1663 1114 1701 oolliqatis
1139 1678 1182 1682 —
1206 1671 1306 1700 neque
1336 1662 1461 1691 evellere
1486 1677 1530 1682 —
1547 1666 1635 1699 pote·

962 1713 1054 1745 ram3
1088 1706 1156 1746 vgl.
1189 1704 1310 1745 jedoch
1342 1705 1425 1737 oben
1457 1715 1484 1736 c.
1524 1706 1578 1744 21,
1604 1707 1636 1739 4.

965 1769 1008 1773 —-
1028 1753 1148 1783 leaeo-eb.
1176 1750 1240 1792 vgl.
1266 1761 1291 1782 c.
1321 1752 1374 1790 27,
1404 1752 1440 1790 1;
1467 1752 1520 1790 22,
1548 1753 1579 1791 5,
1605 1753 1635 1784 5.

1010 1794 1079 1833 23.
1109 1797 1207 1829 1-3.
1231 1798 1298 1828 vias
1316 1814 1359 1819 -—
1385 1798 1459 1835 inv„
1480 1806 1506 1828 c.
1530 1797 1562 1836 2,
1586 1798 1636 1829 14.

963 1854 1040 1874 saxa
1067 1860 1110 1864 —
1138 1853 1242 1881 rupes,
1268 1841 1335 1882 vgl.
1368 1843 1422 1881 21,
1456 1842 1508 1881 33,
1534 1843 1564 1874 4.
1591 1859 1634 1864 —

963 1890 1085 1920 obstant
1120 1899 1149 1918 n.
1186 1889 1228 1918 iis
1265 1887 1342 1918 oder
1374 1888 1476 1928 fuyae
1517 1898 1634 1925 eorum,

964 1934 1110 1965 hemmen
1136 1933 1208 1964 ihre
1233 1931 1363 1972 Fluctua,
1391 1934 1446 1975 22,
1475 1934 1506 1972 6,
1533 1936 1562 1966 5.
1592 1950 1634 1956 —-

957 1981 1100 2018 praem‘p.
1117 1978 1162 2010 ist
1179 1977 1238 2010 mit
1248 1980 1395 2017 prolapsi
1410 1989 1438 2010 α.
1456 1981 1485 2010 d.
1500 1988 1540 2009 zu
1557 1987 1634 2009 ver-

965 2024 1093 2056 binden.
1118 2042 1161 2046 —
1189 2035 1224 2055 ao
1242 2025 1344 2062 debit„
1370 2023 1421 2055 die
1455 2024 1525 2055 hds.
1554 2022 1634 2055 Les-

965 2074 1018 2100 art
1041 2077 1097 2102 aut
1120 2071 1209 2102 debil.
1235 2069 1278 2100 ist
1302 2069 1369 2100 wol
1388 2069 1479 2100 nicht
1501 2069 1634 2110 richtig,

966 2115 1006 2146 da
1030 2115 1122 2146 nicht
1146 2114 1379 2146 verschiedene
1403 2114 1538 2146 Classen
1572 2125 1636 2145 von

964 2159 1235 2192 Umkommenden
1260 2159 1509 2191 unterschieden
1547 2169 1635 2191 wer-

965 2206 1046 2245 den,
1085 2206 1166 2237 iiber
1200 2207 1316 2237 debilit.
1352 2216 1377 2236 s.
1415 2207 1468 2243 21,
1505 2207 1560 2244 40,
1597 2207 1634 2238 9:

964 2254 1088 2283 contusi
1115 2263 1150 2282 ac
1181 2253 1334 2283 debilitati
1361 2253 1445 2283 inter
1475 2262 1551 2283 saxa
1574 2262 1635 2282 ru-

957 2308 1083 2337 pesque.
1122 2315 1165 2319 -—
1197 2299 1330 2329 abstinet
1363 2296 1494 2328 euthiilt
1532 2297 1630 2327 schon

962 2342 1022 2373 den
1052 2342 1176 2383 Begriff
1198 2342 1253 2373 des
1278 2340 1419 2382 Befehls,
1444 2352 1481 2373 so
1506 2341 1581 2373 dass
1599 2351 1633 2373 es

964 2387 1055 2418 nicht
1091 2387 1123 2418 in
1164 2389 1318 2420 abstinere
1347 2398 1388 2418 zu
1420 2387 1634 2418 verwandeln

961 2433 1027 2463 und
1051 2443 1116 2463 von
1141 2435 1224 2465 iubet
1242 2432 1408 2473 abhiingig
1432 2443 1473 2464 zu
1497 2433 1634 2464 macheu

961 2478 1015 2509 ist.
1043 2496 1085 2500 —
1109 2490 1164 2510 nec
1187 2493 1231 2504 =
1256 2489 1295 2510 ne
1328 2495 1363 2499 -
1385 2480 1524 2519 quidem,
1555 2489 1580 2511 S.
1606 2488 1634 2510 c,

962 2526 1015 2560 44.
1051 2525 1091 2564 ὃς
1124 2526 1177 2556 40.
1213 2524 1266 2558 20.
1302 2525 1340 2562 6;
1376 2525 1404 2559 1,
1432 2524 1485 2565 27,
1514 2525 1563 2557 10.
1592 2540 1633 2547 —
