1715 2723
651 99 775 133 LIBER
792 100 936 134 XXXII.
962 100 1054 133 CAP.
1074 101 1104 133 7.
1123 100 1152 132 8.
1464 114 1490 132 a.
1506 114 1533 132 u.
1548 107 1609 133 556.

208 104 289 142 114

136 210 175 242 14
207 204 304 243 Iovis
331 202 405 242 fuit
432 201 615 241 ludorum
644 214 771 242 causa.
813 208 852 242 et
879 202 926 242 ab
955 201 1139 242 aedilibus
1168 201 1365 240 curulibus
1395 201 1434 242 C.
1461 202 1610 241 Valerio

205 260 361 305 Flacco,
390 258 546 297 flamine
576 258 692 305 Diali,
722 264 761 299 et
782 259 821 298 C.
845 260 1020 298 Cornelio
1043 258 1210 308 Cethego
1238 257 1318 296 ludi
1338 258 1504 297 Romani
1524 271 1611 297 ma-

135 322 174 354 15
204 327 279 366 gno
301 319 487 366 apparatu
505 314 608 354 facti.
651 315 734 354 Ser.
757 320 795 354 et
816 316 854 354 C.
880 315 1038 366 Sulpicii
1060 314 1201 352 Galbae
1221 314 1421 364 pontifices
1442 327 1488 353 eo
1509 325 1611 353 anno

203 371 351 409 mortui
370 375 481 417 sunt3
501 370 541 409 in
562 383 697 410 eorum
714 372 842 410 locum
859 371 908 409 M.
929 371 1114 410 Aemilius
1134 370 1302 421 Lepidus
1319 374 1357 408 et
1373 370 1440 409 Cn.
1464 370 1612 409 Corne-

204 427 278 466 lius
300 427 428 478 Scipio
450 427 651 478 pontifices
673 428 822 466 suffecti
856 433 959 466 sunt.

154 484 180 522 8
318 483 404 522 Sex.
425 483 554 522 Aelius
575 484 715 522 Paetus
736 485 779 522 T.
803 484 1006 530 Quinctius
1026 482 1265 521 Flamininus
1286 482 1515 532 magistratu
1534 481 1613 520 ini-

202 544 243 578 to
264 545 441 579 senatum
464 540 503 578 in
525 540 712 590 Capitolio
734 553 823 579 cum
844 540 1088 585 habuissent,
1119 539 1372 578 decreverunt
1390 543 1517 589 patres
1537 568 1546 584 ,
1568 542 1613 576 ut

201 596 418 647 provincias
438 596 700 636 Macedoniam
723 602 838 647 atque
858 596 1005 635 Italiam
1027 596 1205 635 consules
1225 598 1495 646 compararent
1512 594 1613 632 inter

154 660 173 691 2
203 664 244 691 se
265 653 566 698 sortirenturve3
587 653 664 691 utri
686 665 821 691 eorum
843 652 1064 691 Macedonia
1080 651 1281 697 evenisset,
1304 652 1343 689 in
1360 651 1611 701 supplemen-

201 713 287 747 tum
309 708 504 759 legionum
526 709 598 747 tria
614 709 719 747 milia
734 709 901 748 militum
918 709 1186 747 Romanorum
1202 708 1387 746 scriberet
1402 711 1441 745 et
1456 711 1610 745 trecen-

201 768 262 803 tos
292 765 460 815 equites,
489 765 583 803 item
613 765 809 804 sociorum
838 765 964 804 Latini
991 765 1161 803 nominis
1183 764 1353 815 quinque
1375 763 1479 801 milia
1499 763 1610 814 pedi-

154 827 172 858 3
200 825 308 866 tum,
339 821 571 872 quingentos
597 821 758 872 equites.
800 822 908 860 alteri
936 821 1086 859 consuli
1115 832 1240 859 novus
1263 819 1390 859 omnis
1419 818 1610 858 exercitus

202 876 391 915 decretus.
429 876 547 915 Lucio
569 877 747 923 Lentulo,
768 877 908 928 prioris
926 877 1014 915 anni
1035 876 1196 922 consuli,
1218 880 1469 927 prorogatum
1486 874 1611 926 impe-

201 932 322 979 rium,
354 933 574 983 vetitusque
598 937 663 970 aut
684 933 766 983 ipse
796 932 991 984 provincia
1020 933 1202 971 decedere
1223 932 1332 983 prius
1354 936 1420 970 aut
1439 936 1609 969 veterem

202 988 393 1026 deducere
414 988 641 1034 exercitum,
664 1000 780 1038 quam
802 1001 891 1027 cum
912 988 1127 1040 legionibus
1148 989 1256 1026 novis
1278 987 1411 1027 consul
1432 987 1611 1026 venisset.

152 1052 172 1082 4
199 1044 326 1083 sortiti
349 1045 526 1083 consules
547 1045 780 1095 provincias:
800 1045 904 1083 Aelio
926 1045 1051 1091 Italia,
1081 1044 1262 1090 Quinctio
1282 1043 1502 1082 Macedonia
1522 1055 1611 1082 eve-

153 1109 172 1138 5
199 1100 269 1139 nit.
311 1105 510 1151 praetores
533 1100 574 1138 L.
598 1100 798 1139 Cornelius
825 1101 968 1139 Merula
999 1101 1208 1147 urbanam,
1237 1100 1285 1138 M.
1309 1099 1488 1138 Claudius
1511 1099 1608 1138 Sici-

152 1163 172 1195 6
199 1155 304 1202 liam,
326 1156 375 1195 M.
398 1157 560 1195 Porcius
583 1157 813 1204 Sardiniam,
832 1157 871 1195 C.
893 1156 1050 1196 Helvius
1072 1156 1232 1195 Galliam
1254 1161 1312 1194 est
1332 1155 1505 1194 sortitus.
1547 1155 1606 1194 di-

199 1212 322 1252 lectus
350 1213 438 1252 inde
466 1212 599 1251 haberi
619 1217 678 1251 est
699 1218 876 1264 coeptus:
912 1225 1002 1252 nam
1029 1216 1181 1264 praeter
1211 1212 1433 1251 consulares
1461 1211 1607 1250 exerci-

152 1276 169 1307 7
199 1272 264 1307 tus
284 1269 527 1319 praetoribus
549 1281 705 1320 quoque
726 1270 821 1307 iussi
843 1269 1010 1308 scribere
1039 1269 1180 1307 milites
1213 1273 1339 1315 erant,
1363 1266 1540 1306 Marcello
1567 1268 1609 1306 in

200 1324 371 1363 Siciliam
405 1326 469 1363 ῑῖιῖ
503 1326 680 1376 peditum
715 1325 864 1364 socium
907 1331 944 1364 et
976 1325 1102 1364 Latini
1140 1324 1309 1364 nominis
1343 1328 1382 1362 et
1412 1328 1606 1363 trecentos

151 1387 170 1419 8
199 1381 369 1432 equites,
393 1381 529 1420 Catoni
549 1381 589 1419 in
611 1380 827 1420 Sardiniam
850 1394 894 1420 ex
915 1381 1053 1420 eodem
1073 1393 1213 1432 genere
1234 1380 1401 1419 militum
1423 1392 1478 1418 MM
1499 1379 1608 1431 pedi-

197 1441 302 1484 tum,
326 1437 515 1476 ducentos
537 1437 697 1489 equites,
720 1438 772 1476 ita
793 1443 835 1477 ut
855 1438 880 1476 ii
900 1443 1097 1489 praetores
1119 1437 1233 1476 ambo
1247 1468 1255 1483 ‚
1278 1448 1367 1475 eum
1388 1437 1428 1475 in
1449 1436 1607 1487 provin-

199 1493 276 1532 cias
296 1494 505 1539 venissent,
529 1498 673 1532 veteres
695 1494 932 1532 dimitterent
950 1494 1097 1546 pedites
1118 1494 1358 1545 equitesque.

150 1556 169 1587 9
311 1549 424 1588 Attali
445 1549 583 1588 deinde
604 1551 702 1601 regis
729 1551 872 1601 legatos
903 1550 942 1588 in
970 1556 1147 1589 senatum
1177 1549 1355 1589 consules
1382 1548 1606 1589 introduxe-

939 1671 967 1692 c.
987 1661 1018 1701 7,
1037 1662 1068 1693 7.
1087 1678 1131 1684 —-
1157 1663 1218 1693 αιιί
1235 1679 1255 1683 -
1271 1663 1332 1692 aut
1354 1661 1417 1692 wie
1436 1661 1519 1693 nach
1536 1660 1603 1693 Ne-

937 1706 1104 1746 gationen.

983 1751 1070 1782 4-7.
1096 1750 1211 1792 Italia,
1242 1750 1312 1781 also
1341 1751 1523 1782 besonders
1547 1750 1602 1782 (110

938 1794 1187 1837 Hriegfiihrung
1211 1795 1243 1826 in
1268 1794 1417 1835 Gallien,
1441 1795 1501 1827 mit
1522 1795 1603 1827 Hel-

936 1841 1022 1881 vius,
1041 1851 1069 1872 e.
1085 1840 1115 1880 9,
1131 1841 1168 1878 53
1189 1841 1218 1876 1,
1232 1840 1261 1871 2.
1280 1857 1325 1863 —
1346 1841 1480 1881 urban„
1498 1839 1553 1880 31,
1571 1840 1603 1880 6,

195 1662 249 1691 ter
289 1661 370 1700 etc.)
411 1658 626 1701 ausgefallen.
657 1678 702 1683 —
740 1670 865 1702 magno

194 1715 295 1781 5²²5}
316 1715 342 1737 ⁵·
357 1704 512 1781 ἓὲιῑὲἷτρῗ
532 1705 866 1782 3301111111

193 1760 385 1834 richLliIgistt,
400 1773 669 1827 einer'Familie
683 1806 733 1837 an,
749 1796 816 1837 vgl.
832 1807 863 1827 e.

193 1839 225 1878 2,
244 1840 282 1879 73
302 1839 355 1879 30,
370 1839 430 1879 -26,
448 1840 503 1879 103
523 1840 566 1871 ib.
587 1840 639 1879 39,
654 1840 685 1871 6.
702 1858 745 1863 --
763 1840 863 1883 Lepi-

194 1883 275 1926 dus,
299 1883 481 1923 31,18.—
510 1884 616 1926 Sce‘p„
633 1896 660 1916 s.
679 1884 732 1926 40,
749 1885 803 1925 44,
823 1886 861 1924 23

193 1928 317 1967 41,14,
332 1928 363 1958 3.
381 1946 424 1951 —
441 1930 588 1971 suffecti„
606 1929 660 1968 31,
675 1929 728 1968 50,
743 1930 774 1960 5.

238 1967 281 2005 8.
300 1972 384 2004 1-3.
410 1974 623 2015 habuissent,
653 1984 687 2005 es
716 1974 760 2005 ist
776 1974 860 2005 doeh

193 2018 259 2049 wol
284 2017 336 2048 die
362 2023 451 2049 erste
468 2018 721 2059 Senatssitzung
738 2019 769 2049 in
788 2020 860 2050 dem

191 2062 293 2094 Jahre
313 2063 357 2103 (in
378 2062 496 2106 Capit„
514 2074 541 2096 s.
556 2063 609 2103 21,
624 2063 678 2104 63)
697 2064 858 2104 gemeint,

192 2108 251 2139 das
287 2106 454 2149 Plusqprf.
496 2108 625 2140 scheint
665 2108 858 2150 gebraucht,

191 2152 270 2184 weil
293 2153 350 2184 das
367 2153 490 2184 habere
513 2154 595 2185 auch
613 2153 664 2184 die
680 2152 857 2194 Berufung,

192 2198 253 2229 den
270 2197 419 2239 Vortrag
435 2209 466 2230 u.
485 2209 510 2229 s.
530 2209 573 2230 w.
595 2197 751 2238 umfasst,
774 2199 857 2230 doch

189 2242 265 2283 I'age
293 2243 456 2275 haberent
491 2243 604 2274 uiiher.
632 2261 678 2266 —
708 2254 856 2286 compar.

191 2292 268 2327 ete,
285 2287 339 2327 28,
354 2288 407 2328 45,
422 2288 452 2327 9,
465 2288 533 2329 vgl.
549 2288 676 2319 Becker
689 2287 719 2328 2,
735 2288 765 2329 2,
783 2288 856 2320 117.

191 2350 235 2355 —
248 2333 317 2363 tria
329 2343 385 2373 m.,
402 2333 454 2364 die
467 2332 657 2365 Veteranen
671 2343 698 2364 c.
714 2333 732 2363 2
751 2333 858 2364 schei—

192 2386 254 2408 nen
271 2377 438 2409 entlassen
462 2389 502 2410 zu
519 2378 601 2410 sein.
620 2396 664 2401 —
687 2388 760 2409 nov.
780 2389 856 2420 om„

192 2421 232 2452 ob
261 2421 420 2453 Lentulus
454 2423 511 2454 das
541 2434 567 2455 c.
602 2423 630 2462 l,
651 2423 671 2453 4
703 2423 767 2454 ihm
800 2424 856 2454 be-

189 2466 334 2498 stimmte
346 2467 432 2498 Heer
449 2467 481 2498 in
498 2468 550 2499 die
563 2467 706 2499 Provinz
723 2466 855 2509 gefflhrt

191 2511 285 2551 habe,
304 2512 346 2543 ist
364 2512 446 2544 auch
462 2513 536 2545 11101·
550 2513 639 2545 nicht
651 2513 807 2553 deutlich,
826 2524 852 2545 s.

936 1885 967 1916 2.
985 1903 1029 1908 -—
1054 1885 1290 1927 praetoribus,
1318 1894 1414 1916 wenn
1438 1884 1522 1915 nach
1539 1885 1601 1916 den

934 1930 1008 1961 Hss.
1031 1932 1212 1972 praetores
1242 1929 1377 1970 gelesen
1400 1929 1531 1969 wiirde,
1563 1939 1601 1961 so

934 1975 1026 2005 wiire
1050 1975 1139 2005 nicht
1161 1974 1262 2005 allein
1287 1974 1346 2006 der
1363 1973 1442 2006 Satz
1461 1976 1602 2017 praeter

932 2038 954 2042 -
970 2022 1069 2051 erant
1092 2019 1228 2060 unklar,
1256 2020 1398 2050 sondern
1423 2029 1498 2050 man
1520 2018 1600 2051 s'zihe

932 2065 1015 2096 auch
1047 2064 1154 2102 nicht,
1186 2074 1313 2095 warum
1342 2064 1406 2095 alle
1435 2063 1599 2096 Priitoren

930 2108 985 2140 fiir
1012 2109 1063 2140 die
1088 2109 1203 2140 beiden
1228 2114 1413 2150 genannten
1438 2109 1490 2140 die
1511 2108 1599 2140 Aus-

929 2154 1059 2195 hebung
1075 2154 1188 2185 halten
1206 2154 1327 2193 sollen,
1348 2163 1443 2185 wenn
1461 2163 1496 2185 es
1513 2155 1596 2185 auch

930 2199 1103 2230 bisweilen
1139 2200 1244 2231 eincm
1276 2199 1398 2231 Priitor
1433 2202 1596 2239 gestattet

930 2244 1015 2275 wird
1039 2245 1144 2276 sclbst
1169 2245 1240 2275 sein
1258 2244 1345 2275 Heer
1362 2254 1402 2275 zu
1419 2243 1545 2282 bildeu,
1569 2253 1596 2275 s.

931 2289 983 2331 25,
999 2289 1077 2328 3‚4;
1093 2289 1187 2329 31,8,
1202 2289 1239 2328 83
1258 2289 1312 2329 33,
1327 2288 1379 2330 43,
1394 2289 1431 2328 73
1446 2288 1499 2328 35,
1513 2287 1543 2328 2,
1557 2289 1596 2327 43

930 2334 984 2374 37,
1008 2333 1038 2373 2,
1063 2334 1101 2372 83
1126 2334 1180 2373 42,
1198 2334 1252 2373 35,
1269 2335 1306 2373 43
1332 2334 1388 2373 43,
1412 2333 1462 2372 15,
1479 2333 1517 2371 43
1540 2332 1598 2373 44,

930 2378 985 2419 21,
1004 2380 1021 2409 7
1032 2391 1039 2418 ,-
1058 2379 1265 2420 gewiihnlich
1281 2378 1424 2419 geschah
1441 2387 1476 2409 es
1493 2377 1598 2408 durch

930 2424 982 2454 die
1008 2423 1169 2463 Consuln,
1193 2425 1224 2463 7,
1248 2423 1302 2463 25,
1330 2422 1386 2461 123
1412 2422 1465 2464 33,
1483 2421 1537 2462 26,
1556 2421 1593 2461 33

930 2467 983 2508 35,
1001 2469 1055 2510 41,
1077 2469 1089 2500 1
1110 2480 1141 2501 u.
1160 2479 1187 2500 a.
1208 2487 1251 2491 ——
1274 2478 1340 2499 soc.
1359 2470 1391 2499 et
1406 2478 1438 2498 η.
1457 2465 1513 2507 L.,
1537 2476 1598 2497 an-

928 2513 1004 2545 ders
1022 2513 1042 2555 ξ
1060 2514 1098 2553 2.;
1118 2514 1172 2554 31,
1190 2513 1221 2553 8,
1239 2514 1268 2555 7,
1286 2524 1325 2544 zu
1344 2512 1396 2554 22,
1415 2511 1468 2552 50,
1486 2511 1517 2542 6.
