1715 2723
117 147 290 173 a.ch.197.
585 138 708 170 LIBER
724 137 869 171 xxxii.
894 138 987 171 CAP.
1007 140 1058 172 38.
1439 144 1516 183 175

115 241 395 280 contrahendas
417 240 528 286 vires,
551 241 716 279 maxime
739 240 785 278 de
805 240 969 279 Achaiae
995 240 1174 287 urbibus,
1203 242 1370 293 regionis
1401 243 1447 282 ab
1474 256 1514 282 se
1544 252 1562 283 2

115 297 305 343 diversae,
335 303 372 336 et
399 296 519 347 magis
547 301 678 335 tamen
708 296 754 335 de
781 296 891 346 Argis
909 308 1024 346 quam
1042 296 1087 334 de
1110 297 1293 337 Corintho
1315 299 1515 347 sollicitus,

114 353 305 404 optimum
326 358 433 392 ratus
454 352 588 390 Nabidi
608 365 693 391 eam
709 352 1101 391 Lacedaemoniorum
1118 357 1280 403 tyranno
1296 355 1400 394 velut
1416 355 1516 394 fidu-

112 409 266 448 ciariam
294 410 396 455 dare,
419 413 462 447 ut
482 408 617 447 victori
638 408 709 446 sibi
728 408 963 454 restitueret,
985 408 1018 446 si
1035 408 1125 458 quid
1140 409 1288 448 adversi
1305 411 1516 458 accidisset,

110 465 191 516 ipse
212 465 382 512 haberet,
404 464 575 510 Philocli,
599 464 664 515 qui
689 464 874 502 Corintho
890 464 1075 514 Argisque
1090 470 1281 514 praeerat,
1306 467 1455 512 scribit,
1472 473 1516 506 ut

110 526 319 571 tyrannum
340 522 419 572 ipse
441 520 673 559 conveniret.
712 520 915 565 Philocles,
938 525 1207 571 praeterquam
1231 522 1426 571 quodiam
1448 536 1514 561 ve—
1543 531 1562 562 3

110 577 240 615 niebat
261 590 348 616 cum
370 587 549 621 munere,
573 576 707 622 adicit,
737 576 782 614 ad
806 576 943 626 pignus
964 576 1117 614 futurae
1138 576 1217 626 regi
1239 589 1327 615 cum
1350 583 1513 628 tyranno

111 633 319 679 amicitiae,
349 633 441 671 filias
470 644 558 670 suas
579 644 708 682 regem
729 632 884 671 Nabidis
906 632 990 670 filiis
1012 632 1260 671 matrimonio
1279 634 1513 684 coniungere

110 688 216 727 velle.
253 694 439 739 tyrannus
468 688 593 738 primo
620 699 758 738 negare
779 688 887 726 aliter
914 688 1051 726 urbem
1079 700 1163 726 eam
1186 701 1226 726 se
1249 694 1511 739 accepturum,
1541 699 1562 729 4

109 744 182 782 nisi
203 744 429 794 Argivorum
450 744 625 794 ipsorum
647 744 800 782 decreto
822 744 1029 782 accersitus
1050 744 1095 782 ad
1119 745 1301 783 auxilium
1323 745 1429 783 urbis
1450 758 1512 784 es-

109 805 179 846 set,
199 800 347 846 deinde,
370 805 413 838 ut
432 799 627 850 frequenti
649 800 828 838 contione
849 812 929 838 non
950 805 1174 851 aspernatos
1195 801 1313 839 modo
1330 802 1396 839 sed
1418 801 1512 839 abo-
1542 811 1559 842 5

109 855 276 895 minatos
298 856 414 895 etiam
434 867 577 894 nomen
605 856 756 907 tyranni
784 856 944 901 audivit,
978 868 1133 894 causam
1162 869 1201 894 se
1231 857 1417 907 spoliandi
1447 870 1511 896 eos

109 916 267 950 nactum
288 917 412 957 ratus,
434 911 605 957 tradere,
628 912 694 950 ubi
714 912 843 957 vellet,
865 912 1002 950 urbem
1024 911 1221 950 Philoclen
1237 912 1357 951 iussit.
1398 918 1512 951 nocte

108 967 248 1018 ignaris
270 967 450 1006 omnibus
472 972 649 1018 acceptus
670 968 709 1005 in
726 968 862 1006 urbem
884 973 942 1006 est
958 972 1164 1018 tyrannus,
1192 968 1316 1018 prima
1340 969 1423 1007 luce
1445 981 1511 1008 oc-
1540 979 1559 1011 6

109 1028 246 1074 cupata
275 1024 404 1062 omnia
431 1023 629 1073 superiora
657 1024 739 1062 loca
763 1028 973 1074 portaeque
1000 1024 1161 1062 clausae.
1210 1024 1340 1074 paucis
1368 1025 1510 1074 princi·
1539 1035 1557 1065 7

108 1092 201 1130 pum
223 1080 325 1117 inter
344 1079 515 1129 primum
535 1079 747 1117 tumultum
770 1079 920 1129 elapsis,
942 1091 1078 1118 eorum
1101 1079 1319 1118 absentium
1341 1080 1511 1130 direptae

106 1135 307 1181 fortunae3
324 1135 593 1185 praesentibus
614 1147 751 1173 aurum
773 1140 887 1185 atque
904 1140 1105 1186 argentum
1122 1135 1305 1181 ablatum,
1327 1136 1512 1186 pecuniae

106 1254 231 1276 rannen
248 1244 362 1276 Nabis.
398 1244 515 1288 Polyb.
534 1245 583 1283 17,
602 1244 689 1285 16f.;
709 1244 774 1276 Zo-

107 1299 176 1321 nar.
196 1289 225 1330 9,
247 1290 303 1329 16;
322 1289 437 1321 Iustin.
457 1290 510 1329 30,
529 1290 560 1320 4.

154 1334 239 1365 1-2.
265 1335 414 1365 Achaiae
444 1335 534 1372 urb.,
565 1344 683 1365 ausser
711 1333 773 1365 den

105 1379 177 1410 hier
193 1379 246 1410 die
260 1389 285 1409 c.
302 1380 333 1418 5,
348 1379 367 1409 4
386 1379 589 1410 erw‘ahnten.
605 1397 649 1401 —-
661 1378 771 1410 [liver-

106 1434 180 1463 sae,
204 1424 286 1454 nach
304 1423 395 1455 einer
413 1425 536 1455 andern
553 1423 770 1464 Himlnelsge-

105 1468 187 1509 gend
218 1468 372 1508 gelegen,
403 1469 491 1500 also:
521 1468 609 1505 feru,
640 1467 707 1499 Cic.
731 1469 769 1499 de

105 1512 181 1555 imp.
209 1512 318 1555 Pomp.
348 1513 404 1553 16,
433 1514 491 1545 46:
520 1524 566 1545 em·
593 1513 673 1544 loeis
700 1516 769 1544 tam

105 1557 296 1599 long-inquis
309 1561 442 1599 tamque
456 1558 610 1597 diversis,
624 1558 771 1589 schwer-

105 1602 187 1633 lich:
206 1603 270 1633 ihm
288 1603 476 1644 ahgeueigt,
496 1614 521 1634 S.
540 1614 568 1634 c.
589 1603 642 1640 23,
661 1604 696 1641 5,
717 1603 768 1642 22,

108 1646 165 1685 11;
184 1658 204 1678 α
221 1658 256 1678 se
274 1647 374 1687 kurz,
397 1648 460 1679 wie
478 1648 510 1678 iu
528 1648 770 1687 Vergleichun-

103 1701 181 1733 gen,
205 1702 231 1723 S.
252 1692 286 1731 2,
308 1692 363 1733 13,
382 1692 412 1724 S.
437 1711 477 1715 —-
503 1694 536 1723 et
557 1702 651 1733 mag.
674 1695 769 1731 imm,

103 1737 170 1776 vgl.
198 1736 256 1775 33,
281 1737 318 1776 4,
343 1737 377 1773 2,
407 1741 490 1768 statt
519 1737 576 1768 des
599 1735 769 1768 einsachen

104 1781 319 1812 concessiven
333 1782 600 1813 Verh'altnisses:
619 1783 769 1812 maoeime

103 1826 234 1867 quidem
252 1845 274 1848 —
289 1828 401 1867 magis
424 1830 535 1857 tamen
560 1827 604 1857 ist
627 1827 685 1857 der
703 1825 769 1857 Ge-

102 1875 239 1910 gensatz
262 1871 363 1902 durch
386 1874 419 1902 et
442 1882 504 1902 nur
532 1871 766 1911 beigeorduet3

102 1918 136 1947 et
151 1934 172 1938 —
188 1918 221 1947 et
239 1918 361 1954 tamen,
381 1926 407 1946 S.
422 1916 476 1955 21,
492 1917 521 1953 3,
541 1916 570 1955 3,
589 1926 660 1947 war
677 1926 717 1947 an
735 1927 767 1947 u.

102 1959 151 1991 St.
165 1970 279 2001 wegen
295 1963 444 1992 maxime
461 1961 551 1992 nicht
568 1961 721 2001 m'oglich,
740 1972 766 1991 s.

104 2003 243 2044 Quintil.
267 2005 305 2043 4,
331 2005 365 2045 1,
395 2005 451 2041 163
482 2005 601 2036 anders
632 2006 675 2036 ist
699 2005 765 2036 Cic.

103 2047 203 2079 Tusc.
226 2049 259 2087 1,
280 2049 337 2088 12,
355 2050 407 2081 27.
440 2049 549 2081 Ueber
569 2050 619 2080 die
639 2050 768 2091 Steige—

104 2103 189 2133 rung
216 2093 319 2124 durch
351 2094 411 2124 deu
441 2093 652 2135 Comparativ
685 2096 767 2126 nach

103 2138 176 2168 dem
194 2137 384 2179 Superlativ
407 2149 433 2169 s.
450 2139 487 2177 4,
510 2139 565 2177 13,
587 2140 613 2170 1.
631 2158 676 2162 —-
691 2150 765 2171 eam

103 2182 205 2213 durch
220 2183 351 2225 synesis
366 2181 424 2213 auf
433 2182 542 2223 Argos
557 2184 765 2224 hezogen.—

102 2226 207 2266 velat,
238 2228 314 2258 weil
342 2227 522 2268 fiduciaria
543 2238 608 2259 von
632 2229 765 2268 juristi-

103 2272 202 2303 schen
236 2270 295 2302 auf
326 2272 500 2313 politische
531 2273 765 2305 Verh'ailtnisse

102 2316 300 2357 iibertragen
325 2317 383 2347 ist:
408 2317 479 2348 eine.
498 2317 615 2357 Sache,
639 2319 689 2349 die
711 2317 770 2349 auf

100 2360 189 2392 Treu
206 2362 269 2392 und
284 2360 433 2392 Glauben
451 2362 555 2392 einem
569 2367 765 2394 auvertraut

101 2405 202 2446 wird,
220 2416 273 2436 um
291 2406 338 2437 sie
356 2417 395 2437 zu
412 2407 589 2447 gelegener
606 2406 682 2438 Zeit
699 2418 763 2438 von

101 2449 165 2481 ihm
182 2450 307 2481 wieder
324 2462 363 2481 zu
382 2452 530 2482 erhalten
542 2475 549 2489 ,
569 2462 594 2482 s,
614 2450 715 2483 Gaius
733 2452 764 2491 2,

102 2494 160 2525 60:
173 2505 245 2526 eum
255 2495 379 2537 fiducia
392 2497 605 2528 contrahitur
616 2499 676 2527 aut
689 2506 765 2528 cum

101 2538 282 2581 creditore,
308 2542 465 2583 pignoris
488 2543 578 2580 iare,
608 2543 668 2572 aut
689 2551 765 2572 cam

844 1247 962 1286 amico,
981 1245 1070 1286 quod
1080 1247 1188 1276 tatius
1201 1248 1338 1277 nostrae
1354 1256 1408 1277 res
1420 1245 1513 1288 apud

845 1300 920 1320 eamr
944 1292 1071 1325 essent,
1096 1292 1128 1321 si
1147 1290 1280 1331 quidem
1303 1301 1377 1321 cum
1401 1293 1508 1322 amico

844 1337 1017 1366 eontracta
1033 1336 1078 1365 sit
1093 1334 1189 1376 sides,
1209 1345 1290 1365 sane
1307 1337 1399 1366 omui
1414 1335 1509 1367 modo

842 1381 988 1421 conpetit
1017 1390 1099 1411 usus
1128 1382 1283 1421 receptio.
1308 1397 1351 1402 -—
1382 1382 1509 1419 victori,

843 1427 901 1455 (las
924 1424 1072 1465 logischc
1089 1424 1302 1455 Verhtiltniss
1327 1424 1371 1456 ist
1396 1435 1454 1456 aus
1478 1427 1511 1456 si

842 1468 923 1511 qaid
938 1474 999 1501 etc.
1019 1480 1058 1500 zu
1076 1469 1254 1500 erkennen.

888 1514 976 1545 3-4.
1004 1514 1126 1545 adiecit
1150 1514 1270 1545 konnte
1294 1515 1376 1545 ohne
1406 1516 1509 1545 etiam

843 1559 925 1590 nach
944 1562 1187 1602 praeterquam
1209 1559 1390 1600 eintreten,
1415 1559 1455 1590 da
1473 1569 1508 1590 es

843 1604 947 1635 selbst
972 1604 1032 1635 den
1056 1603 1184 1644 ssegriff
1203 1604 1261 1634 der
1278 1604 1509 1643 Vermehrung

842 1648 980 1679 enth'zilt.
1005 1667 1049 1671 -—
1072 1648 1118 1679 acl
1134 1650 1262 1690 pignus
1288 1648 1370 1679 wird
1393 1649 1509 1679 besser

841 1693 902 1724 mit
925 1694 996 1724 dem
1020 1693 1115 1733 Folg.
1138 1693 1349 1731 verbunden,
1379 1693 1428 1724 als
1453 1691 1512 1723 auf

840 1748 965 1768 mimus
987 1738 1151 1778 bezogen3
1174 1737 1220 1768 ml
1241 1752 1262 1763 =
1284 1740 1322 1768 ut
1345 1740 1435 1768 esset
1455 1740 1508 1779 pi-

838 1793 946 1824 gnus,
970 1793 995 1813 s.
1016 1782 1074 1823 21,
1096 1782 1152 1821 10,
1176 1782 1229 1813 12:
1253 1781 1299 1813 ad
1318 1782 1505 1824 piaculum3

841 1827 884 1857 ib.
904 1827 962 1868 60,
981 1828 1017 1865 53
1040 1827 1098 1865 45,
1118 1826 1155 1864 3,
1174 1826 1210 1863 3,
1234 1826 1294 1865 42,
1313 1828 1370 1867 39,
1391 1828 1424 1857 7:
1448 1836 1507 1858 nec

841 1874 910 1902 tam
929 1873 961 1902 2⁴11
984 1873 1110 1913 pignus
1126 1870 1208 1913 fidei
1229 1871 1360 1902 obsides
1377 1871 1506 1902 deside-

840 1918 924 1956 rati,
941 1916 1092 1956 hiiufiger
1109 1916 1198 1947 steht
1214 1926 1249 1946 es
1268 1916 1350 1947 ohne
1368 1915 1505 1956 Pr'apos.

840 1961 889 1992 als
907 1960 1114 2002 Apposition.
1132 1978 1176 1983 ——
1193 1961 1313 2001 Argz'v.
1338 1963 1401 2002 ips.
1425 1960 1506 2002 dec„

840 2016 877 2037 er
900 2006 972 2037 will
995 2006 1057 2036 wie
1079 2004 1135 2046 §9
1158 2005 1211 2036 die
1234 2005 1333 2036 Form
1357 2005 1503 2036 wahren.

838 2069 882 2073 -—
896 2050 1013 2092 amril„
1031 2059 1135 2091 gegen
1147 2049 1278 2081 Achaer
1295 2050 1359 2081 und
1375 2049 1505 2090 Ro'iuer,

839 2106 865 2126 s.
885 2106 912 2127 c.
931 2095 984 2126 40.

885 2140 971 2171 6-9.
996 2140 1175 2181 superior-<z
1193 2138 1226 2175 l.,
1250 2148 1275 2170 s.
1294 2150 1320 2169 c.
1342 2139 1395 2175 25,
1414 2140 1443 2169 5.
1462 2156 1505 2161 -—-

836 2194 953 2216 eorum
971 2185 1118 2223 absent.,
1143 2194 1196 2214 uin
1213 2184 1273 2214 den
1292 2183 1504 2213 Zusaunuen-

836 2234 926 2260 stoss
944 2240 984 2260 zu
1003 2229 1111 2259 vieler
1129 2227 1282 2259 Genitive
1301 2227 1365 2258 und
1382 2227 1503 2258 zweier

835 2273 1016 2315 Participia
1041 2273 1267 2315 (elapsorum)
1297 2283 1336 2303 zu
1366 2272 1503 2308 meiden,

837 2330 862 2350 s.
889 2330 915 2350 c.
936 2319 995 2355 22,
1017 2319 1071 2349 10:
1096 2328 1169 2355 6053
1197 2318 1255 2358 31,
1274 2317 1332 2351 46,
1352 2317 1386 2346 4;
1410 2327 1502 2354 eam,

836 2364 891 2402 44,
909 2364 939 2399 9,
962 2364 1016 2393 10:
1036 2372 1089 2396 eo:
1112 2363 1147 2400 1,
1167 2362 1216 2401 28,
1241 2362 1289 2392 10.
1309 2380 1351 2382 -
1369 2360 1504 2402 (Ιι’1·8])ῑ.,

837 2408 884 2439 sie
897 2408 1027 2439 werden
1042 2407 1220 2438 confiscirt.
1231 2416 1357 2437 —auln
1373 2417 1399 2436 e.
1414 2416 1503 2447 arga,

837 2452 941 2484 Gold-
958 2453 1021 2483 und
1039 2451 1301 2490 Silbergeriithe.
1322 2469 1363 2472 —
1384 2461 1503 2492 perun.

836 2499 927 2540 imp,
943 2497 1014 2528 eine
1029 2496 1259 2527 Contribution
1274 2495 1504 2535 ausgeschrie-

836 2542 914 2581 ben,
933 2542 995 2573 wie
1012 2540 1235 2584 stipendium,
1259 2540 1384 2571 milites
1400 2541 1504 2582 impe-
