1715 2723
61 172 85 187 a.
103 164 153 186 (fb.
173 162 230 185 193.

473 152 596 184 LIBER
614 152 775 186 xxxlv.
801 153 892 185 CAP.
912 155 963 185 59,
984 155 1037 184 (50.

1383 153 1463 192 357

60 256 200 296 stulata
221 261 259 293 et
278 255 378 306 regis
399 259 438 293 et
458 267 528 293 sua
544 254 738 304 exposuit:
761 255 1028 293 renuntiarent
1044 255 1259 294 civitatibus
1277 255 1368 300 suis,
1391 267 1464 305 po-
1495 262 1513 293 5

60 312 197 365 pulum
227 312 468 357 Romanum,
501 322 576 362 qua
603 310 742 349 virtute
764 324 916 362 quaque
937 311 1010 349 fide
1031 311 1246 350 libertatem
1277 323 1415 350 eorum
1445 324 1465 349 a

59 369 236 419 Philippo
257 367 521 412 vindicaverit,
551 366 685 405 eadem
707 367 754 406 ab
775 368 984 412 Antiocho,
1016 367 1089 405 nisi
1111 367 1270 406 decedat
1296 368 1463 417 Europa,

61 425 358 463 vindicaturum.
398 428 484 462 tum
504 422 705 473 Menippus
726 423 922 474 deprecari
955 429 993 461 et
1014 423 1235 469 Quinctium
1268 429 1307 462 et
1334 428 1466 474 patres
1496 429 1515 461 6

60 481 216 526 institit,
248 493 296 519 ne
317 480 544 518 festinarent
563 479 787 525 decernere,
821 493 897 531 quo
926 480 1078 517 decreto
1108 479 1299 517 turbaturi
1331 480 1466 518 orbem

59 544 250 576 terrarum
273 541 424 575 essent:
446 540 600 586 tempus
622 540 659 573 et
680 536 751 574 sibi
772 541 972 574 sumerent
994 540 1031 573 et
1051 535 1130 586 regi
1151 536 1197 574 ad
1219 535 1465 585 cogitandum
1497 543 1513 573 τ

61 594 216 640 darent,
245 592 516 643 cogitaturum,
539 603 627 630 cum
644 593 884 631 renuntiatae
902 591 1150 630 condiciones
1168 597 1308 637 essent,
1332 597 1370 629 et
1392 592 1465 629 im-

59 655 303 700 petraturum
325 647 467 698 aliquid
488 652 554 685 aut
574 647 677 698 pacis
700 660 813 687 causa
834 660 1125 687 concessurum.
1166 648 1217 686 ita
1239 648 1386 698 integra
1407 648 1466 685 ‹li-

60 707 134 744 lata
155 717 216 743 res
245 710 313 743 est.
356 705 500 754 legatos
528 704 630 742 mitti
660 705 707 743 ad
733 717 863 755 regem
895 704 1075 750 eosdem,
1108 704 1173 754 qui
1203 703 1463 755 Lysimachiae
1495 712 1514 743 8

59 762 160 813 apud
182 773 272 800 eum
293 760 464 805 fuerant,
494 760 655 810 placuit,
688 761 730 799 P.
754 761 968 812 Sulpicium
990 761 1031 798 P.
1052 760 1205 799 Villium
1233 761 1276 798 P.
1299 760 1462 799 Aelium.

174 817 338 856 Vixdum
360 817 399 854 hi
426 816 590 867 profecti
617 822 742 863 erant,
776 830 862 856 cum
886 831 906 855 a
929 817 1155 867 Carthagine
1183 818 1293 868 legati
1324 816 1465 855 bellum
1492 818 1545 856 60

60 874 161 912 haud
183 873 296 912 dubie
314 884 446 923 parare
463 873 698 911 Antiochum
715 873 926 912 Hannibale
943 873 1122 911 ministro
1140 874 1354 912 attulerunt
1369 873 1467 911 inie—

61 935 274 980 ceruntque
297 941 441 974 curam,
464 941 513 967 ne
531 929 646 968 simul
663 934 701 968 et
718 930 907 968 Punicum
925 930 1157 968 excitaretur
1172 930 1328 968 bellum.
1362 929 1467 967 Han-
1497 936 1515 967 2

62 987 164 1026 nibal
185 986 307 1037 patria
328 985 514 1036 profugus
535 991 763 1036 pervenerat
792 987 838 1024 ad
867 986 1122 1031 Antiochum,
1157 986 1255 1025 sicut
1277 991 1363 1024 ante
1386 986 1467 1024 dic-

62 1049 144 1081 tum
177 1048 257 1087 est,
295 1048 331 1079 et
367 1047 447 1080 erat
475 1042 576 1092 apud
597 1054 729 1093 regem
751 1043 790 1080 in
811 1055 951 1093 magno
972 1043 1134 1087 honore,
1157 1043 1260 1081 nulla
1281 1043 1351 1081 alia
1373 1047 1466 1083 arte.

62 1099 136 1137 nisi
168 1098 271 1149 quod
303 1098 489 1136 volutanti
518 1098 583 1136 diu
610 1098 765 1136 consilia
795 1099 841 1137 de
869 1099 1046 1137 Romano
1077 1099 1176 1137 bello
1206 1111 1321 1137 nemo
1344 1098 1469 1149 aptior

61 1166 178 1205 super
198 1154 263 1193 tali
284 1165 325 1192 re
346 1154 536 1204 partic-eps
557 1167 640 1192 esse
663 1155 854 1193 sermonis
875 1160 1039 1205 poterat.
1077 1155 1268 1193 sententia
1290 1156 1371 1193 eius
1393 1167 1466 1192 una
1499 1162 1518 1192 3

62 1216 177 1262 atque
198 1210 333 1248 eadem
356 1222 512 1260 semper
533 1215 635 1256 erat,
658 1216 702 1249 ut
723 1211 761 1248 in
782 1211 889 1250 Italia
909 1211 1053 1249 bellum
1074 1216 1290 1261 gereretur:
1320 1210 1468 1250 Italiam

62 1273 100 1306 et
120 1271 360 1305 commeatus
382 1272 420 1304 et
438 1266 601 1305 militem
622 1267 883 1317 praebituram
906 1273 1064 1305 externo
1087 1268 1210 1314 hosti,
1238 1267 1269 1305 si
1302 1267 1395 1305 nihil
1415 1266 1467 1305 ibi
1497 1273 1517 1303 4

61 1328 274 1369 moveatur,
296 1323 484 1374 liceatque
504 1323 648 1373 populo
671 1324 848 1362 Romano
867 1323 1008 1362 viribus
1025 1328 1064 1361 et
1080 1324 1199 1375 copiis
1215 1324 1344 1362 Italiae
1361 1329 1468 1362 extra

61 1380 207 1419 Italiam
230 1379 374 1418 bellum
396 1391 527 1430 gerere
542 1410 550 1425 ,
573 1391 700 1430 neque
721 1392 852 1431 regem
874 1393 999 1431 neque
1020 1386 1173 1430 gentem
1196 1381 1314 1418 ullam
1336 1392 1469 1431 parem

62 1435 248 1475 Romanis
269 1448 365 1474 esse.
407 1436 479 1474 sibi
500 1440 658 1474 centum
678 1441 800 1475 tectas
820 1449 937 1475 naves
954 1442 993 1475 et
1009 1437 1141 1475 decem
1160 1437 1263 1475 milia
1280 1437 1466 1487 peditum,
1498 1443 1516 1473 5

62 1492 167 1531 mille
187 1492 338 1543 equites
360 1492 609 1543 deposcebat:
638 1505 681 1530 ea
711 1506 751 1531 se
780 1493 899 1532 classe
928 1493 1097 1543 primum
1126 1494 1293 1532 Africam
1322 1493 1468 1544 petitu-

62 1628 120 1658 des
141 1626 336 1658 Antiochus.
361 1642 404 1647 —
423 1626 611 1656 renuntiar.
628 1625 730 1666 h'angt

62 1682 127 1703 von
150 1672 255 1702 einem
279 1681 337 1701 aus
355 1671 515 1712 emposta}
534 1681 574 1701 zu
593 1671 730 1701 entneh-

60 1717 199 1748 menden
227 1715 368 1756 Begriffe
401 1715 459 1746 der
481 1713 731 1756 Aufforderung

61 1762 118 1801 ab3
144 1761 196 1792 die
214 1760 428 1800 Aeusserung
450 1760 534 1791 wird
558 1761 640 1791 nach
657 1761 729 1791 dem

61 1805 423 1846 Zusammenhangdem
432 1804 616 1846 Quinctius,
631 1805 730 1844 nicht,

62 1852 126 1883 wie
143 1862 217 1883 man
234 1855 401 1882 erwarten
421 1850 534 1889 sollte,
553 1851 625 1881 dein
643 1851 730 1883 Vor-

61 1897 233 1929 sitzenden
255 1896 311 1927 des
330 1895 485 1934 Senates,
509 1896 568 1926 der
590 1896 642 1927 die
660 1895 730 1926 An-

63 1942 148 1973 sicht
162 1942 218 1972 des
233 1941 371 1972 Senates
385 1941 597 1982 ausspr'aiche,
617 1951 641 1971 s.
657 1940 677 1981 ξ
692 1941 728 1971 6:

63 1986 259 2024 decernere,
278 1985 452 2025 beigelegt,
472 1985 658 2026 weiljener
675 1986 728 2016 die

63 2040 167 2072 ganze
190 2030 427 2069 Verhandlung
455 2030 498 2060 im
521 2028 645 2061 Namen
670 2031 727 2061 (les

62 2075 200 2107 Senates
224 2074 356 2115 geffihrt
373 2075 446 2114 hat,
471 2085 497 2105 s.
517 2085 543 2105 c.
564 2076 616 2114 57,
634 2076 664 2106 4.
684 2093 728 2097 —-

63 2120 174 2152 deeed.
193 2119 291 2159 Eur„
310 2130 336 2151 c.
356 2120 410 2159 47,
429 2120 467 2158 ὃς
493 2120 546 2158 32,
564 2120 616 2159 34,
639 2119 676 2150 13
696 2131 726 2151 u.

63 2176 93 2197 a.
110 2184 154 2188 ——
170 2165 318 2207 deprec,
341 2164 406 2195 wie
424 2164 460 2203 6,
482 2165 532 2204 21,
551 2165 585 2195 6:
610 2165 726 2196 bitten.

62 2228 106 2233 —
122 2212 248 2250 instit„
274 2209 411 2249 25,19,
429 2210 466 2239 7:
491 2209 545 2248 42,
566 2210 618 2249 17,
635 2211 665 2241 5.
684 2228 727 2232 ——

64 2254 243 2288 decernere
265 2270 285 2281 z
308 2254 479 2286 decretam
499 2254 635 2296 faeere,
658 2255 726 2295 vgl.

65 2300 126 2341 24,
144 2300 204 2339 22,
223 2300 253 2331 9.
271 2318 315 2322 —
331 2299 377 2330 ad
391 2301 493 2341 cogit.
512 2300 628 2339 geho'rt
645 2300 728 2330 auch

63 2355 105 2376 zu
136 2348 270 2388 tempus
296 2347 482 2377 sumerent.
511 2363 554 2367 —
583 2346 730 2387 integra,

63 2390 280 2432 proleptisch:
311 2390 359 2421 sie
387 2390 501 2421 wurde
523 2390 730 2421 verschoben

63 2435 128 2466 und
144 2435 232 2467 blieb
249 2446 285 2467 so
303 2435 570 2475 unentschieden,
588 2445 613 2466 s.
631 2435 684 2474 27,
699 2435 730 2475 9,

68 2479 127 2519 10,
145 2480 189 2512 ib.
204 2480 258 2520 25,
271 2480 308 2520 23
328 2480 380 2522 30,
399 2480 449 2521 12,
464 2480 516 2512 20.
531 2480 729 2522 —Ieg·atos,

63 2525 132 2565 vgl.
154 2523 269 2557 lustin.
294 2525 353 2564 31,
383 2526 420 2563 4,
449 2526 480 2557 4.
502 2543 547 2548 —
570 2526 609 2557 P.
634 2524 727 2568 Sulp.

65 2571 126 2601 und
152 2571 190 2602 P.
207 2569 281 2602 Ael.
305 2580 417 2602 waren
443 2571 531 2602 nicht
551 2575 650 2602 unter
667 2570 726 2601 den

805 1626 1013 1667 Gesandten,
1044 1628 1095 1658 die
1119 1628 1150 1657 in
1174 1626 1384 1670 Lysimachia
1410 1627 1467 1657 mit

803 1672 874 1703 dem
888 1671 999 1713 Hiinig
1015 1672 1210 1703 vei-handelt
1226 1673 1353 1711 hatten,
1371 1683 1396 1703 s.
1413 1673 1467 1709 33,

804 1717 863 1756 39,
888 1718 925 1756 23
955 1728 989 1749 es
1014 1718 1055 1748 ist
1080 1718 1180 1748 daher
1205 1728 1246 1749 an
1269 1729 1299 1748 u.
1327 1717 1374 1748 St.
1400 1717 1466 1747 wol

803 1762 874 1792 eine
892 1763 1025 1804 spatere
1039 1761 1297 1793 Gesandtsehaft
1310 1762 1466 1803 genieint,

803 1807 854 1838 die
879 1808 961 1839 auch
978 1807 1072 1838 Diod.
1093 1807 1300 1838 anzudeuten
1318 1807 1465 1838 seheint:

802 1852 868 1892 vgl.
888 1863 915 1884 c.
934 1853 987 1892 33,
1010 1853 1064 1889 123
1084 1852 1136 1891 35,
1160 1853 1209 1892 13,
1228 1853 1258 1883 6.

846 1914 1006 1952 60-62.
1027 1919 1192 1951 Hannibal
1212 1920 1275 1951 und
1289 1920 1465 1959 Carthago.

800 1965 916 2008 Polyb.
937 1965 989 2001 32,
1009 1965 1044 2002 23
1064 1964 1180 1996 lustin.
1199 1965 1252 2004 31,
1271 1966 1306 2001 4ς
1326 1964 1465 2006 Appian.

799 2010 870 2041 Lib.
897 2010 957 2047 673
987 2010 1115 2052 Syriae.
1138 2011 1172 2047 73
1198 2010 1319 2043 Zonar.
1344 2010 1379 2047 9,
1408 2009 1464 2046 1S;

800 2054 932 2086 Cornel.
950 2055 1054 2086 Hann.
1075 2054 1104 2096 S,
1125 2055 1153 2087 1.

848 2111 931 2142 1-3.
963 2111 1080 2151 simul,
1106 2122 1132 2143 s.
1159 2122 1184 2142 c.
1210 2111 1269 2149 62,
1294 2112 1387 2141 13.-
1403 2112 1466 2141 mi-

799 2158 926 2196 nistro,
952 2157 1010 2187 der
1034 2156 1098 2187 ihm
1125 2156 1216 2187 Alles
1240 2165 1280 2186 an
1304 2155 1357 2186 die
1374 2155 1463 2186 Hand

800 2202 899 2243 gebe,
923 2201 1172 2233 herbeisehaffe.
1197 2219 1241 2223 —
1258 2210 1413 2243 pet-ven„
1437 2211 1464 2231 s.

800 2247 860 2283 33,
884 2247 943 2286 49,
962 2246 1088 2278 bereits
1107 2246 1192 2277 zwei
1210 2246 1311 2276 Jahre
1329 2245 1465 2282 vorher,

801 2292 834 2322 in
852 2292 954 2323 denen
973 2302 1010 2323 er
1029 2292 1136 2322 niehts
1154 2291 1273 2331 gethan
1291 2291 1365 2329 hat,
1386 2291 1465 2321 odei·

800 2338 858 2369 hat
879 2337 960 2368 thun
977 2337 1118 2368 konnen.
1138 2354 1178 2358 —
1197 2335 1288 2366 nullu
1304 2335 1345 2366 al.
1364 2345 1413 2375 (1.,
1437 2346 1464 2366 s.

803 2382 831 2420 2,
850 2383 905 2422 47,
925 2382 975 2413 12.
995 2400 1037 2404 —
1057 2381 1235 2419 volutanti,
1256 2380 1400 2412 dieselbe
1414 2380 1465 2410 Si-

800 2427 928 2459 tuation
948 2427 1008 2458 wie
1026 2427 1127 2457 sehon
1144 2426 1197 2465 33,
1216 2426 1269 2465 49,
1288 2426 1324 2457 7:
1342 2425 1466 2467 fluctu-

799 2475 924 2504 antem.
941 2490 985 2495 —-
997 2482 1101 2515 saper
1118 2471 1181 2502 tali
1194 2481 1242 2510 re,
1256 2482 1281 2502 s.
1298 2470 1329 2510 4,
1343 2470 1397 2510 56,
1415 2471 1465 2504 10.

800 2529 840 2549 zu
856 2518 1024 2550 sermonis
1040 2517 1216 2558 geho'rend,
1236 2517 1264 2557 1,
1283 2516 1336 2555 34,
1355 2517 1385 2547 5.

845 2570 933 2602 4-6.
961 2571 1055 2602 viril).
1079 2573 1111 2602 et
1133 2580 1221 2613 cop.,
1246 2580 1271 2601 s.
1299 2569 1356 2609 21,
1383 2568 1416 2606 1,
1436 2569 1467 2602 2,
