1715 2723
533 140 656 174 LIBER
673 141 830 174 XXXIII.
859 141 950 173 CAP.
971 143 1021 175 16.
1044 144 1094 174 l'a‘.
1434 143 1513 182 207

115 160 140 176 a.
158 152 208 177 Ch.
224 151 283 175 197.

111 252 193 285 tum
216 245 412 283 Romanae
433 244 626 283 societatis
647 245 768 283 fieret.
808 243 846 281 id
876 255 1031 290 omnes,
1061 245 1126 294 qui
1155 245 1373 291 abfuerant,
1402 257 1512 295 aegre
1541 253 1561 283 4

110 300 231 353 passi3
259 306 298 339 et
318 301 357 340 in
383 301 458 339 hoc
485 301 642 339 fremitu
668 299 790 352 gentis
820 313 841 338 a
869 299 1044 350 Philippo
1075 300 1183 339 missi
1215 301 1291 339 duo
1320 301 1511 352 principes

108 357 372 403 Acarnanum,
401 357 610 396 Androcles
632 362 670 395 et
690 356 951 401 Echedemus,
981 368 1057 394 non
1087 357 1131 394 ad
1154 357 1367 396 tollendum
1395 358 1511 397 modo

109 414 306 452 decretum
328 415 526 453 Romanae
548 413 739 452 societatis
761 413 974 457 valuerunt,
997 412 1064 450 sed
1087 412 1215 458 etiam,
1238 418 1282 451 ut
1302 414 1509 453 Archelaus
1540 425 1557 455 5

107 476 145 509 et
165 470 324 515 Bianor,
347 470 538 521 principes
559 470 681 520 gentis
702 469 836 515 ambo,
867 469 969 520 quod
990 474 1168 507 auctores
1197 469 1278 507 eius
1298 470 1511 509 sententiae

105 526 287 572 fuissent,
316 526 545 577 proditionis
566 526 605 564 in
627 525 788 564 concilio
811 526 1105 571 damnarentur,
1129 530 1167 563 et
1188 525 1375 563 Zeuxidae
1396 539 1510 577 prae-

105 583 193 629 tori,
217 583 320 634 quod
341 583 387 621 de
409 595 451 621 ea
472 595 513 621 re
533 583 757 627 rettulisset,
779 582 982 633 imperium
1005 582 1264 632 abrogaretur.
1287 594 1368 620 rem
1385 589 1511 621 teme—
1539 594 1558 625 a

105 638 263 684 rariam,
301 639 366 677 sed
403 644 542 677 eventu
577 651 803 689 prosperam
840 638 1009 677 damnati
1030 639 1218 676 fecerunt.
1257 639 1507 677 suadentibus

105 707 272 746 namque
295 695 439 741 amicis,
462 696 642 734 cederent
662 694 829 746 tempori
849 700 888 733 et
910 694 1115 745 Corcyram
1137 695 1183 733 ad
1206 695 1405 734 Romanos
1426 695 1508 733 abi-
1538 707 1554 736 7

103 757 208 798 rent,
238 757 457 790 statuerunt
483 752 619 791 offerre
641 764 681 790 se
711 751 948 789 multitudini
976 757 1013 789 et
1034 757 1099 789 aut
1119 764 1164 789 eo
1187 750 1270 801 ipso
1292 751 1413 789 lenire
1433 752 1507 790 iras

103 814 169 847 aut
188 808 284 858 pati,
319 809 421 859 quod
443 821 555 847 casus
575 808 739 846 tulisset.
782 820 870 846 cum
892 820 932 846 se
956 807 1149 858 frequenti
1171 807 1331 846 concilio
1353 807 1507 846 intulis-
1536 817 1553 848 8

103 870 207 909 sent,
230 865 356 915 primo
380 877 559 903 murmur
579 878 623 903 ac
642 864 821 902 fremitus
842 864 1133 909 admirantium,
1158 864 1352 902 silentium
1374 877 1465 903 mox
1487 878 1506 903 a

103 921 330 959 verecundia
360 921 475 959 simul
504 921 686 972 pristinae
714 920 907 970 dignitatis
934 933 977 959 ac
1004 920 1268 959 misericordia
1296 921 1505 971 praesentis

102 977 280 1016 fortunae
310 982 440 1016 ortum
467 983 538 1015 est.
585 982 776 1027 potestate
807 989 961 1027 quoque
998 976 1146 1015 dicendi
1181 977 1280 1015 facta
1315 977 1501 1028 principio
1532 987 1551 1018 9

99 1033 342 1083 suppliciter,
364 1034 595 1084 procedente
618 1038 747 1072 autem
770 1033 961 1079 oratione,
991 1033 1056 1071 ubi
1077 1033 1122 1071 ad
1144 1033 1304 1071 crimina
1326 1033 1504 1072 diluenda

100 1095 259 1127 ventum
281 1095 351 1134 est,
374 1102 462 1128 cum
483 1095 588 1128 tanta
610 1089 758 1134 fiducia,
782 1095 965 1139 quantam
990 1089 1208 1127 innocentia
1231 1090 1355 1135 dabat,
1379 1090 1503 1129 disse—

98 1150 281 1190 ruerunt,
310 1151 508 1195 postremo
537 1147 638 1183 ultro
660 1145 802 1196 aliquid
825 1145 940 1184 etiam
963 1145 1073 1196 queri
1094 1150 1131 1183 et
1152 1145 1336 1196 castigare
1357 1146 1500 1196 iniqui-
1532 1158 1570 1189 10

96 1205 216 1239 tatem
251 1200 366 1239 simul
393 1201 433 1239 in
455 1214 495 1239 se
523 1201 867 1252 crudelitatemque
895 1201 977 1239 ausi
1006 1201 1059 1239 ita
1085 1202 1310 1240 adfecerunt
1337 1202 1501 1248 animos,

96 1262 139 1295 ut
160 1257 301 1302 omnia,
325 1270 422 1308 quae
444 1257 482 1295 in
503 1270 567 1296 eos
590 1258 740 1296 decreta
761 1263 882 1303 erant,
903 1258 1127 1308 frequentes
1148 1258 1348 1304 tollerent,
1376 1270 1501 1309 neque
1533 1270 1567 1301 lt

95 1326 141 1351 eo
164 1313 292 1352 minus
312 1314 554 1352 redeundum
582 1314 623 1352 in
646 1314 869 1353 societatem
898 1314 1062 1365 Philippi
1080 1314 1403 1365 abnuendamque
1421 1315 1499 1354 Ro-

95 1381 301 1409 manorum
323 1370 530 1410 amicitiam
552 1376 768 1409 censerent.

205 1426 378 1465 Leucade
400 1428 494 1466 haec
509 1432 601 1466 sunt
622 1427 786 1465 decreta.
826 1427 862 1465 id
880 1432 995 1477 caput
1011 1426 1243 1466 Acarnaniae
1260 1433 1353 1473 erat,
1375 1441 1500 1479 eoque
1520 1434 1571 1473 17

93 1482 133 1520 in
155 1483 357 1522 concilium
388 1496 524 1522 omnes
552 1484 684 1534 populi
708 1483 998 1522 conveniebant.
1040 1484 1168 1535 itaque
1197 1496 1286 1522 cum
1314 1484 1410 1523 haec
1436 1497 1498 1523 re-

92 1539 250 1589 pentina
272 1540 434 1578 mutatio
457 1540 661 1592 Corcyram
684 1541 729 1578 ad
750 1541 916 1590 legatum
938 1540 1198 1578 Flamininum
1219 1540 1363 1590 perlata
1385 1547 1498 1587 esset,
1529 1555 1547 1586 2

92 1596 286 1646 extemplo
308 1609 397 1634 cum
418 1597 537 1635 classe
557 1597 754 1647 profectus
772 1596 985 1634 Leucadem
1008 1596 1053 1634 ad
1074 1597 1280 1643 Heraeum,
1305 1598 1408 1647 quod
1430 1610 1498 1636 vo-

92 1656 198 1697 cant,
221 1663 336 1691 naves
357 1652 550 1703 adplicuit.
592 1653 680 1691 inde
708 1665 796 1691 cum
820 1653 926 1690 omni
946 1664 1083 1703 genere
1104 1658 1393 1691 tormentorum
1414 1666 1498 1692 ma—
1527 1669 1546 1699 3

92 1707 386 1760 chinarumque,
411 1708 550 1759 quibus
572 1714 841 1760 expugnantur
860 1709 997 1755 urbes,
1020 1709 1064 1747 ad
1087 1721 1220 1748 muros
1243 1709 1422 1755 accessit,
1451 1710 1496 1748 ad

91 1843 123 1873 4.
140 1860 184 1865 —
212 1854 275 1874 soc.
295 1843 402 1881 Rom„
420 1843 486 1883 vgl.
509 1854 535 1873 c.
555 1843 585 1882 2,
605 1844 634 1874 6.
654 1862 695 1865 —m
724 1846 757 1874 et

90 1889 123 1919 in
141 1888 191 1929 lz.,
209 1889 273 1919 und
291 1888 477 1929 iiberdiess,
501 1889 584 1919 noch
602 1889 694 1920 dazu.
713 1907 757 1911 ψ

91 1932 157 1964 duo
171 1944 225 1975 pr.
244 1935 299 1975 A„
317 1934 368 1965 die
387 1933 419 1964 in
437 1933 548 1964 seiner
566 1932 756 1975 Umgebuug

92 1987 244 2017 gewesen
262 1979 345 2010 sind.
363 1996 407 2001 -
433 1979 542 2018 ambo,
558 1978 610 2010 die
628 1979 755 2019 beiden,

91 2022 216 2053 vorher
238 2022 302 2054 duo
326 2024 455 2054 andei-s.
471 2042 515 2045 —
541 2027 661 2056 auctor
681 2036 708 2055 e.
727 2037 755 2056 s,

90 2066 120 2107 f.
132 2091 140 2106 ‚
158 2067 207 2098 sie
224 2068 338 2099 hatten
360 2068 448 2099 diese
467 2068 606 2100 Ansicht
622 2075 754 2101 vertre-

91 2115 165 2152 ten,
191 2112 252 2143 den
270 2113 397 2153 Anti-ag
414 2113 565 2153 gestent,
584 2125 610 2145 s.
628 2125 654 2145 c.
674 2116 704 2154 2,
723 2114 753 2153 6,

91 2157 151 2187 der
164 2156 285 2189 prator
303 2158 356 2188 ihu
371 2168 442 2188 zum
456 2158 602 2199 voi-trag
615 2160 678 2190 und
694 2171 753 2191 zur

90 2201 321 2243 Abstiininung
337 2203 505 2244 gebracht.
519 2222 562 2225 —
579 2205 705 2246 rettul„
725 2216 751 2236 s.

92 2247 144 2287 32,
168 2247 221 2287 22,
241 2248 271 2279 3.
289 2267 331 2270 m
360 2258 487 2290 namq.,
512 2260 537 2279 s.
562 2249 594 2289 4,
612 2250 642 2289 9,
661 2251 690 2281 2.
708 2269 753 2274 —

89 2291 211 2332 cedern,
230 2303 256 2324 s.
275 2304 303 2324 c.
323 2294 374 2334 35,
394 2294 429 2331 5,
448 2294 500 2332 44,
519 2294 548 2333 9,
568 2294 593 2325 1.
609 2313 646 2317 —
667 2295 752 2327 mul-

90 2338 160 2377 tit„
188 2348 257 2369 was
280 2337 301 2379 ξ
322 2338 356 2369 S:
386 2339 551 2380 frequens
579 2340 751 2371 concilium

89 2381 144 2421 ist,
163 2382 220 2414 auf
234 2384 305 2414 dein
323 2383 373 2414 die
391 2383 517 2424 Biirger
535 2384 594 2415 der
613 2385 754 2416 verbiin—

90 2427 186 2458 deten
209 2427 344 2459 Staaten
370 2430 578 2467 ersehienen,
603 2440 630 2461 s.
651 2441 678 2461 c.
701 2431 751 2471 17,

93 2472 129 2510 13
148 2483 208 2504 zur
224 2472 327 2504 Sache
346 2474 411 2514 vgl.
432 2485 460 2505 c.
479 2474 532 2513 28,
552 2475 582 2506 7.

139 2517 247 2549 8—11.
276 2518 474 2550 admiranta
505 2520 564 2550 der
591 2520 754 2552 Verwun-

91 2563 233 2603 derung,
261 2574 285 2594 s.
311 2563 363 2605 34,
387 2565 440 2603 50,
465 2565 494 2596 2.
525 2582 568 2587 ——
596 2575 679 2596 moa·
708 2566 751 2597 ist

452 2694 459 2711 0

829 1844 935 1875 einen}
967 1844 1192 1875 bedeutenden
1222 1843 1362 1884 Begrifl'e
1397 1855 1496 1884 unge-

830 1889 994 1920 wiihnlich
1012 1889 1242 1929 nachgestellt.
1262 1906 1306 1911 ——
1325 1890 1495 1932 pristinae

828 1934 858 1965 d.
877 1939 954 1974 etc.,
972 1934 1037 1974 vgl.
1058 1934 1111 1973 39,
1131 1934 1183 1972 49,
1205 1934 1254 1965 11.
1275 1951 1318 1956 ——
1340 1945 1361 1965 a
1377 1944 1494 1973 verec„

829 1990 854 2010 s,
876 1990 902 2010 c.
923 1980 973 2020 14,
992 1980 1022 2010 9.
1041 1997 1084 2002 —-
1113 1989 1257 2020 quoque,
1281 1979 1321 2010 da
1347 1990 1418 2010 man
1436 1980 1494 2011 das

829 2024 917 2055 nicht
949 2024 1041 2056 h'atte
1075 2029 1242 2056 erwarten
1278 2024 1418 2056 ko'nnen.
1453 2043 1494 2047 —-

825 2071 992 2112 principio
1009 2069 1072 2100 wie
1090 2080 1118 2100 c.
1141 2069 1190 2108 12,
1211 2070 1245 2101 3:
1264 2070 1431 2111 praefati.
1452 2088 1493 2092 —

826 2115 927 2153 ultro,
945 2115 1005 2152 sie,
1026 2115 1077 2146 die
1096 2114 1364 2152 Verurtheilten,
1383 2120 1493 2146 treton

827 2161 876 2191 als
895 2159 1076 2200 Ankliiger,
1092 2170 1185 2191 wenn
1204 2160 1287 2191 auch
1306 2171 1366 2191 nur
1384 2160 1416 2191 in
1432 2160 1492 2191 Iei-

827 2216 884 2237 sen
904 2205 1054 2247 (aliquid)
1072 2203 1199 2245 Hlagen
1218 2203 1283 2236 auf.

874 2245 940 2284 17·
968 2251 1041 2282 1—4.
1068 2249 1219 2281 Leucade
1237 2250 1287 2280 die
1305 2249 1411 2289 Stadt,
1430 2250 1491 2280 wie

825 2295 846 2337 ξ
857 2297 888 2327 4.
902 2315 946 2319 —
958 2298 1069 2338 caput,
1085 2295 1202 2335 36,11,
1216 2296 1246 2333 9,
1260 2295 1490 2335 vgl.43,17,6,

826 2341 891 2382 vgl.
911 2352 938 2372 c.
959 2341 1012 2378 34,
1031 2342 1060 2372 7.
1078 2358 1123 2363 —-
1139 2340 1300 2382 legatum,
1320 2350 1345 2370 s.
1367 2339 1418 2380 32,
1437 2341 1491 2372 40.

825 2404 869 2409 ——
884 2386 1070 2418 Leucadem
1096 2397 1136 2416 zu
1150 2386 1330 2427 profectus
1355 2396 1395 2416 zu
1414 2385 1492 2415 neh—

826 2441 914 2471 men,
939 2432 1004 2472 vgl.
1030 2431 1153 2462 Ennius
1178 2431 1261 2461 Ann.
1287 2431 1336 2469 10,
1354 2430 1372 2460 2
1399 2430 1489 2470 (334)

827 2475 1006 2508 Leucatam
1036 2478 1079 2517 (s.
1099 2475 1152 2515 26,
1171 2474 1224 2513 26,
1247 2476 1281 2515 1)
1303 2477 1489 2517 campsant.

825 2540 868 2544 —
886 2522 1050 2553 Heraeum
1062 2545 1069 2559 ,
1087 2521 1145 2551 der
1163 2519 1297 2562 Tempci
1316 2521 1374 2551 der
1390 2519 1489 2552 Hera.

824 2585 867 2589 —-
897 2568 1015 2608 quibus
1043 2577 1138 2608 emp„
1169 2571 1261 2597 sonst
1290 2565 1388 2596 auch:
1428 2577 1488 2596 ea*-
