1715 2723
140 77 196 119 40
558 76 684 109 LIBER
710 76 857 109 xxxv.

890 75 982 110 CAP.
1404 86 1430 104 a.
1453 85 1480 105 u.
1499 78 1560 106 562.

1008 79 1061 112 25.
1086 79 1140 112 26.

83 181 123 214 10
144 186 213 219 set.
239 180 368 230 itaque
388 179 535 230 ingenti
559 191 754 219 consensu
774 161 920 219 bellum
945 179 1145 219 decretum
1166 185 1234 228 est,
1253 186 1408 232 tempus
1435 187 1472 221 et
1493 193 1556 222 ra-

84 243 121 275 11
145 236 194 275 tio
226 235 518 274 administrandi
546 235 628 274 eius
657 236 776 275 libera
805 236 973 287 praetori
1008 237 1208 287 permissa.

1263 237 1557 289 Philopoemen,

144 297 419 342 praeterquam
439 291 545 341 quod
566 291 617 330 ita
636 292 816 339 Quinctio
841 293 1018 343 placeret,
1040 298 1076 331 et
1095 293 1179 342 ipse
1199 293 1437 333 existimabat
1459 295 1556 334 clas-

146 360 228 386 sem
243 349 460 386 Romanam
482 348 769 398 expectandam,
794 361 891 399 quae
915 361 936 387 a
956 348 1052 387 mari
1069 349 1263 399 Gytheum
1282 350 1382 389 tueri
1405 357 1556 401 posset,

86 407 126 440 12
146 404 212 442 sed
237 409 426 451 metuens,
456 415 506 442 ne
528 404 749 444 dilationem
770 417 831 444 res
852 417 933 443 non
960 410 1167 455 pateretur,
1198 411 1235 444 et
1260 417 1341 444 non
1365 407 1558 458 Gytheum

145 460 273 497 solum
294 459 361 498 sed
382 460 618 510 praesidium
640 474 797 512 quoque
818 462 981 500 missum
1005 461 1050 500 ad
1071 460 1257 500 tuendam
1287 461 1425 501 urbem
1444 464 1557 503 amit-

68 518 126 559 26
145 521 302 562 teretur,
334 528 450 555 naves
481 516 725 556 Achaeorum
754 518 921 557 deduxit.

979 518 1276 568 Comparaverat
1309 524 1346 557 et
1369 524 1558 570 tyrannus

145 572 338 610 modicam
363 573 523 611 classem
552 574 599 612 ad
621 574 874 624 prohibenda,
898 574 929 612 si
959 586 1035 624 qua
1061 573 1228 613 obsessis
1256 575 1354 613 mari
1378 576 1559 615 summit-

143 632 328 675 terentur,
352 629 551 679 praesidia,
570 636 647 669 tres
671 636 786 670 tectas
809 643 924 669 naves
947 636 982 669 et
1001 630 1150 669 lembos
1178 631 1396 681 pristisque,
1426 631 1561 670 tradita

105 692 125 723 2
144 690 271 723 vetere
298 685 416 724 classe
442 698 488 724 ex
516 687 672 725 foedere
693 687 890 726 Romanis.
922 687 1061 725 harum
1088 699 1278 725 novarum
1299 693 1383 726 tum
1403 688 1561 726 navium

144 741 347 791 agilitatem
366 747 409 780 ut
429 743 680 792 experiretur,
702 744 817 782 simul
839 749 882 782 ut
901 743 1031 781 omnia
1063 743 1152 781 satis
1183 750 1267 793 apta
1298 743 1344 782 ad
1366 749 1560 782 certamen

144 803 284 843 essent,
315 804 519 847 provectos
548 799 588 837 in
619 800 736 838 altum
763 793 900 838 cotidie
923 799 1107 849 remigem
1131 799 1369 850 militemque
1399 800 1560 839 simula-

145 853 220 891 cris
241 854 383 892 navalis
405 866 557 905 pugnae
578 855 790 902 exercebat,
813 855 855 893 in
880 867 924 893 eo
950 861 1054 893 ratus
1077 856 1172 893 verti
1198 867 1308 905 spem
1333 855 1559 903 obsidionis,

107 913 125 944 3
145 909 177 947 si
203 910 391 959 praesidia
422 911 610 949 maritima
650 911 937 950 interclusisset.

992 916 1147 960 praetor
1183 911 1425 949 Achaeorum
1464 913 1563 951 sicut

144 966 386 1004 terrestrium
411 967 665 1005 certaminum
688 973 767 1006 arte
788 966 964 1018 quemvis
988 967 1182 1004 clarorum
1197 967 1478 1016 imperatorum
1499 968 1559 1007 vel

105 1023 125 1054 4
145 1033 220 1059 usu
241 1022 301 1060 vel
321 1022 477 1072 ingenio
502 1023 698 1073 aequabat,
719 1023 767 1062 ita
788 1023 897 1062 rudis
917 1023 958 1061 in
978 1035 1019 1060 re
1036 1022 1158 1061 navali
1173 1029 1263 1069 erat,
1284 1023 1414 1070 Arcas,
1436 1024 1560 1063 medi-

143 1082 344 1116 terraneus
366 1079 498 1125 homo,
521 1085 773 1118 externorum
795 1080 906 1118 etiam
938 1079 1127 1125 omnium,
1156 1079 1230 1117 nisi
1252 1080 1358 1129 quod
1387 1080 1428 1118 in
1452 1080 1562 1119 Creta

106 1141 125 1172 5
144 1135 360 1183 praefectus
391 1135 622 1174 auxiliorum
656 1136 891 1182 militaverat,
917 1136 1087 1186 ignarus.
1116 1136 1222 1174 navis
1247 1142 1326 1174 erat
1355 1136 1559 1186 quadrire-

144 1190 217 1228 mis
241 1196 361 1236 vetus,
383 1197 490 1241 capta
511 1192 622 1230 annis
647 1198 733 1231 ante
749 1192 896 1238 LXXX,
921 1204 1010 1230 cum
1034 1192 1176 1231 Crateri
1198 1204 1362 1230 uxorem
1383 1193 1560 1231 Nicaeam

193 1268 336 1300 10—12.
362 1279 531 1310 consensu,
558 1271 612 1309 32,
642 1271 694 1303 23.
714 1288 757 1292 —
776 1273 817 1302 li-

143 1313 226 1351 bera,
247 1313 327 1344 aber
345 1323 382 1345 er
399 1315 491 1346 hatte
508 1316 653 1346 nachher
667 1315 817 1347 Rechen-

143 1356 253 1389 schaft
278 1358 470 1399 abzulegen.
507 1379 542 1382 —
582 1367 609 1392 et
637 1363 701 1400 ipse
733 1362 817 1392 nach

137 1409 363 1443 praeterquam
379 1405 443 1436 soll
461 1405 512 1437 die
525 1405 680 1446 Subjecte
700 1407 816 1437 sehar-

144 1446 194 1480 fer
214 1448 370 1481 einander
385 1451 708 1491 gcgeniiberstellen:
726 1451 818 1483 nicht

143 1493 244 1525 allein
274 1493 384 1535 Quint.
422 1513 466 1518 —
502 1497 640 1528 sondern
674 1497 757 1528 auch
783 1507 818 1528 er

143 1538 264 1579 selbst3
292 1541 500 1580 gewb'hnlich
520 1540 604 1582 folgt
620 1545 722 1581 etiam,
743 1553 818 1583 quo-

143 1595 213 1625 que,
241 1595 265 1616 S.
292 1586 418 1626 21,10,
444 1589 477 1626 13
499 1588 552 1626 22,
572 1589 626 1627 53,
646 1589 686 1628 63
705 1589 757 1626 29,
788 1590 815 1627 1,

144 1631 206 1671 213
227 1631 279 1669 30,
301 1632 356 1668 26,
377 1632 405 1663 6.
423 1649 466 1653 —
480 1635 629 1671 placeret,
651 1633 709 1664 dci=
730 1632 816 1664 Con-

139 1673 244 1714 junct.
270 1675 463 1708 bczeichnet
490 1677 541 1708 die
559 1677 663 1709 Sache
684 1678 732 1709 als
755 1689 817 1709 von

142 1718 268 1762 Philop.
283 1721 466 1761 gedachten
488 1721 611 1759 Grund,
632 1722 691 1764 s.§
714 1725 743 1763 3,
760 1723 819 1754 ob-

143 1764 250 1806 gleich
286 1766 343 1797 der
366 1766 455 1798 Rath
490 1767 645 1799 xvii-klich
671 1768 818 1809 gegeben

141 1820 222 1842 war.
247 1831 290 1836 —
315 1815 402 1844 class.
429 1824 508 1853 exp„
535 1824 560 1845 5.
586 1824 612 1845 e.
640 1815 691 1854 37,
721 1816 750 1847 3.
771 1832 814 1836 —

142 1866 182 1887 ne
206 1873 251 1879 —-
275 1868 350 1897 77077,
380 1859 433 1897 32,
462 1860 492 1897 8,
534 1860 592 1901 103
632 1862 663 1898 4,
699 1861 752 1899 31,
786 1862 818 1899 4,

142 1911 183 1932 zu
206 1904 238 1941 4,
270 1904 320 1942 18,
349 1904 387 1944 2,
418 1905 449 1943 2,
477 1905 506 1944 3,
541 1906 570 1937 5.
615 1907 754 1945 deduxit,
788 1908 817 1945 S,

143 1947 197 1986 26,
223 1948 242 1979 2

190 2032 257 2072 26.
296 2039 357 2069 1-
360 2039 390 2070 2.
422 2045 515 2071 tectas
536 2053 581 2065 =
605 2051 819 2086 καταφρακ-

142 2092 236 2121 τους,
271 2093 296 2113 5.
330 2092 355 2113 c.
389 2084 443 2123 46,
479 2085 518 2123 3,
555 2095 595 2116 zu
618 2087 671 2125 31,
698 2088 751 2125 22
779 2088 818 2128 8,

142 2126 186 2157 ib.
226 2129 276 2167 14,
304 2128 342 2168 3;
385 2129 438 2167 36,
463 2130 516 2169 42,
546 2131 573 2162 7.
616 2149 659 2152 —
689 2134 816 2172 puetis,

142 2171 252 2203 kleine
270 2152 555 2214 schnellse'gelnde
570 2174 816 2216 Iiriegsschiffe,

142 2215 266 2249 Nonius
291 2228 322 2260 p.
349 2220 430 2252 535:
448 2223 564 2258 pristis
587 2224 818 2263 77av2'yz“29enus

142 2274 161 2293 a
171 2264 287 2303 forma
303 2266 459 2303 mistiam
489 2269 699 2306 marinarum,
736 2278 817 2309 quae

143 2309 231 2348 lo729i
252 2312 391 2348 corporis
415 2317 500 2350 sum,
527 2313 583 2342 sed
599 2316 743 2353 anqustz',
769 2313 816 2345 sie

143 2351 215 2383 sind
240 2354 323 2385 auch
342 2356 395 2394 44,
420 2357 474 2390 28
510 2358 518 2388 1
552 2356 610 2387 mit
636 2357 696 2388 den
715 2360 815 2397 lembi,

143 2407 168 2428 5.
197 2399 250 2438 24,
284 2402 339 2438 40,
379 2401 410 2440 2,
443 2400 642 2441 xeihunden,
668 2403 733 2434 und
762 2406 815 2442 32,

144 2443 205 2482 32,
250 2446 269 2476 9
301 2444 386 2476 wird
417 2449 564 2489 πρίστις
602 2446 671 2479 Pol
702 2450 812 2488 18,1

142 2487 202 2519 mit
241 2500 332 2522 navzs
377 2497 513 2524 msc-ata
555 2492 732 2525 iibe1setzt
773 2511 815 2516 —

885 1280 922 1301 ex
936 1270 1044 1311 foed„
1071 1270 1124 1309 34,
1150 1270 1203 1307 35,
1231 1271 1259 1302 5.
1289 1287 1331 1292 ——
1350 1280 1459 1302 novar.
1482 1277 1559 1310 tum,

886 1314 938 1346 die
963 1314 1087 1345 damals
1125 1315 1208 1345 noch
1244 1332 1290 1337 —
1314 1325 1444 1356 waren,
1481 1314 1502 1357 ξ
1532 1318 1560 1350 8.

886 1378 929 1382 —
949 1362 1108 1392 simulacr.
1125 1371 1156 1391 77.
1171 1371 1218 1400 p„
1239 1360 1305 1401 vgl.
1324 1362 1379 1400 26,
1398 1362 1452 1399 51,
1469 1362 1499 1394 6.
1517 1379 1561 1384 -

885 1417 968 1445 spem
1003 1407 1082 1445 obs„
1126 1405 1178 1437 ‹lie
1215 1405 1377 1446 Hoffnung
1408 1404 1468 1438 auf
1499 1406 1561 1438 den

886 1450 1002 1491 Erfolg
1026 1451 1084 1482 dei·
1107 1451 1324 1492 Belagerung,
1349 1451 1429 1483 oder
1449 1451 1501 1483 die
1525 1461 1561 1484 el·

887 1496 941 1527 bei
966 1496 1023 1527 der
1047 1495 1157 1536 Belag.
1186 1497 1294 1537 hegte.

933 1542 1031 1575 3—4.
1079 1544 1223 1582 iwqem'o,
1250 1541 1559 1581 Feldherrntalent3

888 1588 918 1624 9,
948 1588 997 1626 17,
1027 1589 1076 1619 10.
1113 1590 1286 1627 vel—vol,
1313 1597 1339 1618 c.
1367 1588 1418 1627 12,
1448 1589 1498 1621 11.
1517 1605 1560 1610 —

885 1634 977 1663 rudis
1009 1634 1043 1663 in
1076 1630 1245 1663 mehrfaeh
1278 1632 1329 1664 bei
1363 1631 1497 1673 Cicero,
1524 1631 1560 1664 L.

886 1676 1025 1708 braucht
1056 1681 1148 1708 sonst
1179 1680 1272 1709 rudis
1295 1680 1346 1718 ad,
1372 1688 1397 1709 S.
1427 1679 1478 1718 10,
1505 1679 1560 1718 22,

887 1723 918 1761 6,
944 1732 1015 1753 was
1040 1721 1113 1753 hier
1138 1722 1229 1754 nicht
1254 1722 1427 1765 passend0
1410 1733 1563 1755 ‘rewesen

886 1768 988 1799 wiire.
1033 1785 1077 1790 —-
1118 1766 1243 1808 Arcas,
1281 1778 1325 1798 v«r
1305 1768 1349 1809 gL
1374 1767 1469 1800 Paus.
1494 1768 1561 1800 1.1.

889 1811 909 1854 ἓ
949 1815 987 1846 5:
1030 1811 1092 1846 ἅτε
1129 1813 1170 1846 (Ῡὲ
1203 1814 1238 1851 ἐς
1269 1811 1371 1847 α’παν
1404 1811 1563 1869 ἀπείρως

888 1855 1076 1898 ὐαλάσσης
1110 1858 1204 1910 ἔχωι
1235 1856 1403 1914 τριήρους
1428 1859 1562 1893 ἔλαθεν

888 1901 1018 1945 ἐπιβὰς
1035 1899 1193 1946 ὁεούσης,
1220 1902 1312 1937 ὥστε
1338 1906 1400 1937 καὶ
1428 1905 1561 1946 ἐσῆλθε

885 1946 1085 2003 Ῥωμαίους
1130 1950 1190 1981 καὶ
1242 1948 1282 1982 τὸ
1332 1946 1420 1982 ἄλλο
1467 1959 1562 1996 συα-

886 1992 1048 2039 μοιχικὸν
1092 2006 1218 2047 ,avr-,un
1266 1995 1340 2028 τῶν
1383 1994 1481 2029 ἐπῶν
1509 2005 1561 2028 ων

887 2040 926 2073 ἐν
969 2037 1149 2083 καταλόγ
1135 2052 1160 2072 ω
1207 2039 1331 2081 (11.2,
1376 2042 1456 2079 614)
1497 2051 1560 2075 πε-

887 2088 1040 2140 notnzey
1070 2073 1227 2132 Ὅιιηοος
1264 2085 1327 2119 ἐπὶ
1363 2088 1406 2142 τῇ
1436 2084 1561 2128 Agmi-

889 2130 965 2163 3022
1009 2129 1156 2176 αμαθία
1197 2132 1242 2177 τῆ
1281 2129 1316 2169 ἐς
1349 2130 1562 2172 amaeam,-

888 2175 972 2207 Plut.
998 2176 1066 2208 1.1.
1084 2194 1127 2199 ——
1147 2184 1264 2209 extem
1286 2189 1378 2217 omn„
1405 2187 1430 2209 S.
1456 2188 1482 2209 c·
1508 2179 1558 2218 15,

889 2223 926 2261 83
957 2223 988 2260 9,
1009 2223 1062 2261 38,
1090 2224 1127 2255 5:
1146 2225 1345 2255 altarem-um.
1365 2225 1495 2256 —m'ei
1515 2234 1557 2264 q„

888 2246 942 2307 38,
969 2268 1023 2307 28,
1050 2270 1080 2300 9.
1097 2285 1142 2289 -
1162 2271 1263 2307 Creta,
1289 2268 1400 2300 wohin
1417 2278 1463 2309 er,
1489 2268 1560 2300 sich

886 2313 1138 2354 zuriickgesetzt
1152 2312 1297 2354 fiihlend,
1325 2313 1452 2356 Olymp.
1484 2315 1558 2353 143,

888 2360 906 2390 3
936 2368 1107 2400 3635113611
1131 2369 1214 2399 war,
1242 2370 1267 2391 5.
1296 2358 1390 2390 Paus.
1415 2370 1446 2390 u.
1472 2357 1559 2390 Plut.

933 2406 1030 2437 5—7.
1056 2407 1146 2436 navis
1170 2416 1225 2444 e7·.,
1250 2415 1274 2436 s.
1302 2405 1355 2444 32,
1383 2405 1437 2443 22,
1458 2406 1494 2444 5;
1526 2406 1556 2443 7,

886 2450 941 2488 26,
971 2451 1001 2481 2.
1025 2467 1069 2472 —
1086 2453 1181 2482 amn’s
1202 2462 1230 2482 a.
1249 2461 1302 2490 oa,
1327 2458 1351 2481 S.
1370 2460 1410 2481 zu
1427 2450 1482 2490 33,
1501 2451 1557 2489 44,

887 2495 925 2533 23
959 2496 1012 2535 37,
1040 2496 1093 2536 38,
1123 2499 1160 2535 53
1193 2494 1285 2527 Caes,
1319 2495 1352 2526 Β.
1382 2494 1416 2527 C.
1442 2496 1473 2535 2,
1502 2496 1558 2535 44,
