1715 2723
191 145 247 187 52
651 142 776 176 LIBER
801 142 949 176 xxxv.
975 141 1067 174 CAP.
1094 143 1146 176 32.

1457 149 1482 167 a.
1502 149 1530 168 n.
1549 142 1617 170 562„

194 249 379 288 miserant
399 247 446 285 ad
469 246 719 292 Antiochum,
746 245 921 292 redierat,
948 244 1117 295 indeque
1136 245 1363 296 Menippum
1386 258 1520 284 secum
1540 247 1612 285 ad-

154 303 174 334 3
195 305 358 343 duxerat
376 303 477 353 regis
496 302 674 353 legatum.
705 302 783 352 qui,
805 302 1035 352 priusquam
1056 301 1263 339 concilium
1281 301 1328 340 iis
1351 301 1518 350 daretur,
1532 302 1611 341 im-

194 361 392 412 pleverant
421 358 598 397 omnium
625 370 737 397 aures
758 358 949 397 terrestris
972 357 1194 408 navalisque
1217 357 1345 408 copias
1367 370 1617 397 commemo-⁷

153 419 175 450 4
194 416 339 455 rando:
368 415 565 466 ingentem
593 414 672 453 vim
694 414 868 465 peditum
888 414 1141 464 equitumque
1160 413 1304 460 venire,
1336 426 1382 452 ex
1402 414 1511 453 India
1530 415 1612 453 ele-

193 473 359 523 phantos
379 471 532 518 accitos,
553 476 639 509 ante
662 471 804 518 onmia,
825 473 904 521 qno
925 469 1092 509 maxime
1113 469 1322 508 credebant
1340 471 1489 509 moveri
1503 471 1608 509 mut-⁷

192 528 367 567 titudinis
398 527 561 574 animos,
592 532 741 566 tantum
769 527 905 565 advehi
935 526 1029 572 auri,
1062 531 1104 564 ut
1129 526 1236 576 ipsos
1261 538 1390 564 emere
1409 527 1609 566 Romanos

154 593 174 623 5
193 590 336 636 posset.
379 583 597 635 apparebat,
624 583 717 634 quid
740 595 781 622 ea
804 582 924 621 oratio
949 583 990 620 in
1010 582 1173 620 concilio
1194 587 1347 620 motura
1368 587 1488 629 esset;
1518 595 1610 622 nain

194 646 231 680 et
260 641 413 679 venisse
439 652 504 678 eos
537 645 584 687 et,
615 651 713 690 quae
743 644 910 690 agerent,
941 639 1070 677 omnia
1094 638 1224 689 legatis
1246 638 1433 677 Romanis
1455 638 1610 677 defere—

153 703 174 734 6
193 697 355 744 bantur3
386 702 422 735 et
448 708 682 747 quamquam
709 708 832 746 prope
855 695 1000 733 abscisa
1024 707 1112 745 spes
1134 700 1224 741 erat,
1246 700 1375 733 tamen
1397 706 1476 733 non
1498 694 1545 733 ab
1566 708 1610 734 re

193 766 277 792 esse
308 753 488 801 Quinctio
526 752 652 791 visum
690 757 747 790 est
781 751 978 790 sociorum
1010 751 1158 801 aliquos
1188 751 1331 801 legatos
1360 751 1547 790 interesse
1576 751 1612 790 ei

194 809 369 856 concilio,
385 809 461 859 ,qui
481 808 736 847 admonerent
756 808 954 846 Romanae
976 807 1164 845 societatis
1185 807 1352 853 Aetolos,
1385 807 1451 857 qui
1472 820 1608 846 vocem

155 866 350 904 Hiberam
381 865 530 903 mittere
557 864 743 902 adversus
774 863 873 914 regis
902 863 1069 913 legatum
1100 863 1297 901 auderent.

1355 863 1610 902 Athenienses

192 922 357 960 maxime
386 921 426 959 in
458 933 543 958 eam
569 932 652 958 rem
674 919 804 957 idonei
825 919 895 957 visi
915 924 1007 957 sunt
1026 924 1186 969 propter
1208 925 1244 957 et
1264 918 1422 957 civitatis
1443 919 1609 970 dignita-

190 984 270 1016 tem
300 983 336 1016 et
357 982 546 1015 vetustam
573 976 793 1014 societatem
825 987 914 1013 cum
934 975 1088 1013 Aetolis.
1139 974 1185 1012 ab
1206 974 1252 1013 iis
1277 974 1480 1021 Quinctius
1502 976 1607 1026 petit,

153 1039 171 1070 S
193 1039 235 1072 ut
261 1034 405 1084 legatos
432 1032 477 1071 ad
497 1032 786 1070 Panaetolicum
813 1030 1021 1069 concilium
1051 1030 1258 1069 mitterent.
1300 1030 1427 1069 Thoas
1457 1031 1611 1082 primus

189 1090 230 1127 in
250 1102 295 1128 eo
317 1089 480 1127 concilio
503 1088 735 1127 renuntiavit
754 1087 994 1138 legationem.
1036 1087 1240 1137 Menippus
1262 1092 1351 1137 post
1371 1099 1461 1125 eum
1481 1087 1610 1126 intro-

190 1146 332 1184 missus
360 1145 553 1196 optimum
583 1144 704 1182 fuisse
737 1143 930 1189 omnibus,
960 1143 1027 1193 qui
1049 1143 1247 1181 Graeciam
1269 1143 1476 1194 Asiamque
1495 1143 1608 1182 inco-

187 1202 323 1249 lerent,
343 1202 404 1249 ait,
426 1201 584 1252 integris
596 1200 713 1239 relius
725 1199 892 1250 Philippi
904 1199 1078 1250 potuisse
1105 1199 1340 1238 intervenire
1352 1199 1613 1239 Antiochum:

191 1337 244 1377 34,
263 1336 316 1374 24,
342 1337 373 1367 7.
392 1351 435 1356 -
455 1336 567 1372 Thoas,
586 1333 864 1365 wahrseheinlieh

188 1381 247 1411 hat
271 1390 307 1411 er
327 1380 410 1411 nach
429 1379 675 1419 Niederlegung
692 1379 750 1410 der
766 1378 863 1409 Stra—

186 1425 294 1465 tegie,
322 1435 349 1456 c.
380 1426 439 1465 12,
466 1424 508 1455 i1n
534 1423 672 1456 Herbste
704 1425 786 1462 193,
811 1423 862 1455 die

188 1468 445 1502 Gesandtschaft
473 1471 546 1510 192,
589 1480 615 1501 s.
643 1471 706 1509 36,
742 1471 779 1510 7,
812 1471 864 1511 12,

188 1519 398 1556 angetreten,
433 1514 514 1557 App.
554 1514 631 1557 Syr.
668 1516 728 1555 123
771 1514 862 1546 scine

186 1560 422 1592 Auwesenheit
457 1560 509 1591 hei
534 1559 684 1591 Antioch.
710 1559 755 1591 ist
780 1560 861 1591 eben

186 1616 223 1636 so
274 1605 383 1646 wenig
422 1605 585 1636 berichtet
622 1605 671 1636 als
711 1604 763 1636 die
807 1606 862 1636 des

186 1650 416 1690 Dicaearchus,
451 1660 477 1684 c„
520 1652 577 1690 12,
622 1652 680 1690 153
713 1661 738 1682 S.
766 1661 806 1681 zu
833 1660 861 1683 c.

191 1697 249 1734 14,
276 1699 305 1729 5.
331 1714 373 1718 —
402 1697 564 1736 Menam„
593 1697 654 1738 34,
683 1697 738 1737 57,
764 1697 793 1727 6.
817 1713 861 1717 --

188 1743 296 1773 concil.
320 1743 400 1780 dar„
427 1742 480 1779 32,
513 1742 564 1779 19,
590 1743 620 1773 6.

231 1788 331 1819 4-7.
350 1787 500 1825 escImZz'a,
518 1787 637 1826 39‚37,
656 1787 712 1818 13:
737 1787 862 1818 Indicis

187 1833 391 1871 (elephantis).
416 1849 460 1853 ——
488 1834 600 1863 accitos
635 1830 718 1862 fehlt
742 1831 772 1861 in
799 1831 861 1862 den

185 1876 323 1908 meisten
350 1876 431 1916 Hss.,
469 1887 495 1908 s.
533 1878 560 1917 1,
585 1879 639 1914 50,
666 1878 704 1916 33
739 1876 782 1907 ib.
809 1878 863 1917 34,

185 1923 224 1961 6,
262 1922 442 1964 eutspricht
479 1921 559 1952 aber
593 1921 666 1953 hier
699 1924 806 1954 venire
828 1933 859 1953 u.

184 1969 304 2001 advehi.
320 1973 452 2011 —naozte
470 1978 565 2006 omn„
598 1969 636 2008 2,
665 1969 702 2007 7,
729 1969 768 2007 43
806 1968 860 2007 23,

188 2013 220 2051 3,
246 2015 276 2045 4.
301 2023 373 2053 quo,
399 2011 459 2043 auf
481 2019 501 2044 t.
527 2013 643 2044 advehi
656 2023 726 2044 aar.
746 2023 785 2043 zu
802 2012 860 2043 be-

185 2056 312 2099 zieheu,
346 2059 400 2096 44,
428 2058 467 2094 6,
496 2059 547 2090 13.
574 2076 617 2080 -—-
640 2064 776 2099 afferent,
801 2057 851 2089 be-

184 2101 324 2141 trieben,
334 2101 608 2142 beabsichtigtcn.
618 2120 661 2124 —
680 2110 707 2135 et
721 2114 858 2145 quamq„

183 2146 247 2178 wir
272 2148 406 2179 wiirden
428 2150 483 2179 sed
507 2159 539 2188 q.
555 2151 732 2189 crwarten,
759 2158 785 2179 c.
807 2149 858 2190 12,

187 2194 237 2225 18.
261 2194 324 2224 abs.
349 2203 426 2233 spes,
452 2192 518 2233 vgl.
547 2203 572 2223 c.
600 2194 652 2231 31,
679 2195 716 2233 73
746 2195 800 2234 45,
826 2195 857 2233 6,

182 2247 284 2269 verm.
309 2237 420 2269 Duker
438 2238 521 2269 auch
541 2248 570 2269 a.
592 2248 621 2269 u.
644 2237 692 2269 St.
710 2242 794 2269 statt
811 2240 858 2270 ab.

182 2294 240 2314 res.
276 2300 321 2305 ——
356 2285 394 2315 ab
438 2294 472 2315 re
508 2297 554 2309 =
587 2285 725 2315 alienum
758 2283 858 2315 findet

183 2328 253 2359 sich
277 2332 369 2359 sonst
395 2327 447 2360 bei
468 2328 527 2359 den
542 2326 697 2360 friihcren
712 2327 857 2359 Schrift—

183 2373 339 2414 stellern,
400 2372 537 2404 Plautus
596 2383 855 2414 ausgenonimeu,

183 2418 274 2449 nieht
299 2418 417 2457 leicht,
453 2419 566 2461 spiiter
590 2418 748 2459 k'auliger.
798 2421 855 2451 ad-

182 2474 277 2504 mon„
302 2474 328 2495 c.
359 2465 410 2503 13,
435 2465 465 2497 2.
494 2481 533 2486 -
562 2475 623 2495 voc.
649 2466 700 2496 lib.
720 2475 762 2498 m,
789 2464 853 2496 wie

183 2510 214 2545 3,
247 2509 300 2547 36,
335 2511 364 2541 5.
392 2527 434 2531 —
453 2516 586 2549 propter
613 2516 641 2541 et
664 2527 708 2531 —
735 2516 762 2541 et
786 2509 853 2549 vgl.

181 2553 249 2585 Cic.
269 2553 364 2586 Tusa.
387 2557 417 2595 5,
442 2556 494 2595 23,
521 2556 582 2587 66:
607 2565 677 2587 cam
693 2561 722 2588 et
737 2556 854 2587 diurno

932 1339 960 1364 et
984 1338 1137 1364 nocturno
1169 1338 1274 1371 metm
1306 1331 1344 1366 L.
1373 1334 1435 1373 41,
1473 1334 1530 1373 11,
1571 1335 1612 1366 52

933 1380 1016 1409 inter
1044 1380 1139 1409 simul
1164 1380 1435 1417 complorationem
1452 1396 1496 1401 —
1514 1380 1612 1410 simul

932 1425 1075 1461 caedem,·
1108 1422 1174 1463 vgl.
1201 1425 1263 1463 45,
1302 1424 1359 1463 19,
1387 1425 1422 1455 5:
1448 1429 1612 1464 tamquam

932 1471 968 1500 de
991 1471 1089 1500 altero
1117 1486 1156 1489 —-
1182 1471 1277 1499 altero
1285 1480 1296 1506 ,·
1321 1468 1449 1500 Cornel.
1475 1468 1546 1500 Att.
1575 1471 1607 1509 6,

932 1515 969 1545 2:
983 1520 1117 1552 propter
1133 1515 1180 1545 vel
1193 1516 1328 1555 qratiam
1347 1516 1395 1545 vel
1411 1516 1607 1555 deym'tatem,

932 1558 1079 1599 dag-egen
1104 1557 1140 1590 L.
1177 1560 1230 1598 42,
1266 1560 1320 1599 64,
1353 1561 1390 1592 7:
1417 1566 1456 1591 ,εἰ
1472 1566 1607 1598 propter

931 1622 975 1626 ——
1007 1605 1269 1645 lonqinquc'tatem
1299 1621 1338 1626 —
1376 1610 1404 1636 et
1434 1606 1609 1645 dffficulla-

931 1655 999 1681 tem.
1041 1666 1083 1670 —
1119 1651 1204 1680 idon.
1240 1652 1292 1689 in,
1331 1648 1395 1680 wie
1431 1655 1524 1681 natas
1558 1652 1605 1690 in,

930 1701 1024 1733 aptas
1052 1696 1097 1734 in,
1131 1694 1191 1734 38,
1231 1695 1292 1735 21,
1331 1696 1369 1734 7,
1398 1694 1609 1735 gewiihnlich

930 1742 1016 1771 idon.
1041 1742 1090 1770 ad.
1116 1757 1159 1761 —
1185 1745 1292 1771 vetzcst.
1316 1750 1376 1771 soe.
1402 1750 1437 1770 so
1464 1739 1516 1771 dic
1541 1739 1606 1772 ΜΖ.

930 1784 995 1825 Hs.,
1026 1784 1076 1816 die
1102 1783 1239 1825 iibrigcn
1260 1795 1321 1816 nur
1333 1787 1513 1826 amicitiam,
1539 1786 1605 1816 und

930 1829 982 1862 ein
1029 1829 1114 1861 altes
1164 1829 1323 1861 Biiudniss
1374 1829 1500 1862 Atheus
1544 1830 1607 1862 mit

931 1875 1086 1907 Aetolica
1110 1875 1248 1917 scheint,
1274 1875 1381 1915 einige
1410 1876 1605 1907 Andeutun-

931 1931 1004 1961 gen,
1030 1931 1054 1952 s.
1079 1920 1173 1952 Diod.
1188 1920 1251 1952 Sic.
1275 1921 1325 1961 18,
1358 1923 1389 1960 9,
1420 1921 1603 1962 abgerech-

930 1970 1004 2005 net,
1044 1965 1136 1996 nicht
1181 1966 1333 1997 erwiihut
1373 1976 1412 1997 zu
1452 1966 1607 2006 werden,

929 2011 1019 2042 wohl
1058 2011 1138 2042 aber
1176 2010 1228 2042 ein
1270 2009 1603 2043 freundschaftliches

929 2056 1153 2096 Verhiiltniss,
1178 2066 1202 2088 s.
1229 2058 1290 2096 31,
1318 2058 1371 2097 30,
1402 2058 1458 2095 113
1485 2058 1539 2097 37,
1569 2058 1603 2098 6,

927 2104 967 2140 43
993 2104 1023 2142 7,
1051 2103 1088 2141 33
1117 2102 1170 2142 38,
1201 2103 1231 2142 9,
1263 2103 1291 2134 3.
1314 2119 1356 2124 —
1375 2103 1516 2142 Panaet„
1548 2103 1605 2143 31,

929 2148 983 2186 29,
1017 2149 1044 2180 1.

974 2193 1095 2225 8—11.
1138 2195 1283 2232 primus,
1323 2191 1371 2223 als
1410 2191 1467 2223 der
1500 2196 1604 2232 erste‚

927 2237 1072 2268 welcher
1097 2238 1226 2279 spraeh,
1253 2238 1343 2269 steht
1367 2237 1398 2267 in
1417 2237 1525 2278 Bezug
1542 2236 1605 2268 auf

920 2289 994 2323 post
1018 2294 1087 2315 eum
1106 2301 1150 2305 —
1167 2286 1223 2323 ait,
1254 2282 1345 2314 nicht
1364 2280 1424 2314 auf
1439 2284 1601 2314 intromis-

927 2340 992 2368 sas,
1018 2328 1059 2359 da
1076 2327 1185 2360 Thoas
1210 2327 1396 2367 berechtigt
1416 2337 1497 2367 war,
1524 2326 1600 2359 auf-

926 2377 1089 2414 zutreten,
1117 2373 1182 2414 vgl.
1202 2372 1223 2414 ξ
1245 2375 1294 2406 12.
1314 2391 1357 2395 —-—
1376 2374 1516 2414 intrem„
1543 2373 1602 2413 31,

926 2420 979 2458 30,
1009 2420 1035 2451 1.
1058 2436 1101 2441 —
1119 2421 1222 2459 optim.
1245 2420 1357 2459 fuisse,
1385 2428 1410 2449 s.
1439 2428 1464 2449 c.
1485 2420 1536 2458 15,
1558 2419 1598 2458 3,

924 2464 957 2494 in
985 2468 1068 2495 orat.
1094 2468 1204 2495 recta:
1228 2466 1378 2503 optimum
1394 2464 1477 2504 fuit,
1504 2473 1529 2494 s.
1564 2464 1597 2503 3,

925 2511 977 2548 50,
1004 2510 1042 2549 6,
1072 2510 1125 2549 30,
1153 2511 1207 2549 30,
1237 2511 1275 2542 6;
1300 2509 1599 2549 opti222u772fuerat5

923 2554 1042 2586 ebenso
1076 2553 1097 2595 ξ
1124 2557 1161 2587 9:
1199 2556 1380 2587 habiturum
1409 2555 1518 2595 fuisse
1552 2571 1600 2576 ——

1711 2557 1715 2591 i
