1715 2723
88 172 115 190 ο.
136 163 185 190 Ch.
204 164 262 190 187.

543 163 668 197 LIBER
685 163 879 197 XXXVIII.
906 162 998 196 CAP.
1025 166 1077 199 57.

1432 161 1515 204 383

92 269 180 316 sint,
211 267 440 314 Gracchum,
469 279 558 306 cum
590 266 632 305 L.
656 266 783 318 Scipio
812 266 853 304 in
881 266 1033 305 vincula
1059 265 1278 313 duceretur,
1307 277 1381 304 nec
1407 265 1516 317 quis-

93 336 209 375 quam
242 324 476 375 collegarum
506 323 646 362 auxilio
676 328 787 369 esset,
817 323 965 361 iurasse
986 322 1058 361 sibi
1080 322 1296 361 inimicitias
1317 334 1407 361 cum
1431 322 1517 361 Sci-
1534 327 1558 360 4

91 379 288 432 pionibus,
309 392 407 431 quae
427 380 604 426 fuissent,
626 391 795 425 manere,
819 391 891 417 nec
911 391 951 417 se
978 378 1117 430 gratiae
1139 378 1382 429 quaerendae
1404 391 1518 417 causa

92 436 302 487 quicquam
319 439 456 483 facere,
477 436 557 483 sed,
578 438 619 474 in
636 447 752 485 quem
772 447 967 473 carcerem
988 448 1097 486 reges
1118 442 1155 474 et
1172 436 1425 486 imperatores
1443 435 1518 473 ho-

91 493 209 532 stium
232 493 438 531 ducentem
463 492 620 531 vidisset
648 492 689 530 P.
718 492 956 537 Africanum,
986 492 1026 530 in
1059 504 1149 530 eum
1178 504 1219 530 se
1248 494 1406 530 fratrem
1436 492 1518 530 eius

92 549 182 587 duci
204 561 285 588 non
305 561 528 599 passurum.
569 554 747 587 senatum
771 560 816 586 eo
839 547 900 585 die
920 550 1020 586 sorte
1042 547 1082 586 in
1104 548 1288 598 Capitolio
1313 553 1516 586 cenantem
1537 553 1557 584 5

93 605 387 644 consurrexisse
411 611 447 643 et
467 605 620 655 petisse,
640 610 683 642 ut
702 604 802 642 inter
823 604 955 654 epulas
979 604 1152 642 Graccho
1170 605 1284 643 filiam
1308 604 1515 643 Africanus

93 662 365 712 desponderet.
397 661 540 712 quibus
561 660 610 699 ita
631 660 732 698 inter
752 659 952 710 publicum
976 660 1163 699 sollemne
1179 660 1424 711 sponsalibus
1445 660 1517 699 rite
1535 660 1557 693 6

90 719 199 757 factis
220 730 309 756 cum
337 730 378 756 se
405 718 567 755 domum
598 716 817 766 recepisset,
848 716 1069 766 Scipionem
1100 717 1281 755 Aemiliae
1312 717 1425 755 uxori
1457 717 1516 755 di-

91 774 193 812 xisse
213 774 328 812 filiam
346 786 388 812 se
409 774 603 811 minorem
627 772 894 823 despondisse.
935 785 1024 811 cum
1054 773 1126 817 illa,
1152 773 1391 811 muliebriter
1411 773 1514 811 indi-
1536 770 1556 804 ⁷

92 830 299 881 gnabunda
325 829 420 868 nihil
448 830 495 868 de
523 829 722 868 communi
752 829 827 867 filia
853 840 986 867 secum
1018 830 1289 875 consultatum,
1318 829 1518 868 adiecisset

89 898 183 933 non,
198 886 230 925 si
244 887 302 925 Ti.
319 886 492 925 Graccho
515 886 632 933 daret,
653 891 851 936 expertem
874 885 1023 924 consilii
1045 885 1225 924 debuisse
1241 891 1403 924 matrem
1420 898 1515 932 esse,

88 942 231 981 laetum
245 942 466 993 Scipionem
486 948 564 981 tam
586 942 770 981 concordi
791 941 932 981 iudicio
955 942 987 980 ei
1006 942 1079 992 ipsi
1093 942 1328 993 desponsam
1347 954 1515 993 respon·
1535 949 1555 982 8

90 998 203 1037 disse.
241 999 335 1037 haec
368 999 415 1037 de
445 1004 549 1037 tanto
581 999 664 1037 viro
697 1011 814 1048 quam
845 1003 881 1037 et
911 998 1162 1048 opinionibus
1194 1004 1231 1038 et
1250 998 1516 1037 monumentis

87 1054 302 1094 litterarum
334 1055 538 1101 variarent,
568 1055 823 1106 proponenda
854 1060 973 1093 erant.

90 1176 152 1208 Dio
179 1176 267 1209 Cass.
295 1175 356 1217 frg.
382 1179 435 1210 65.
460 1195 504 1199 —-
529 1180 683 1216 duceret.,
710 1187 769 1218 ge—

90 1221 183 1254 fiihrt
201 1223 332 1254 werden
351 1222 462 1262 sollte,
485 1234 509 1254 s.
536 1233 561 1255 c.
582 1224 642 1264 603
671 1224 723 1264 587
739 1225 769 1255 4.

137 1269 237 1302 4-8.
269 1270 426 1309 inimicit„
452 1279 477 1300 s.
504 1267 555 1300 (116
580 1267 600 1310 ξ
622 1270 640 1301 3
668 1278 769 1309 ange-

92 1312 224 1345 ffihrteu
250 1314 399 1355 Stellen;
425 1324 451 1345 c.
479 1316 531 1351 52,
564 1317 604 1355 93
638 1313 703 1344 Cic.
730 1314 768 1345 de

90 1370 183 1401 prov.
211 1370 298 1391 cons.
326 1361 356 1401 8,
386 1361 443 1393 18:
479 1361 718 1390 inimicissimus
743 1366 770 1390 et

90 1408 192 1445 ipsius
215 1403 336 1446 (Lucii)
369 1412 397 1437 et
422 1405 548 1445 fratris
579 1407 646 1436 eius
670 1405 768 1443 Afri-

90 1453 163 1482 cam'
189 1454 273 1493 etc.3
307 1451 362 1490 37,
399 1452 417 1482 7
443 1449 573 1481 scheint
599 1448 767 1480 Gracchus

90 1496 174 1526 noch
199 1495 232 1526 in
258 1499 369 1536 gutem
394 1494 608 1527 Verh'altniss
635 1505 675 1526 zu
707 1495 768 1527 den

91 1540 265 1583 Scipionen
289 1551 329 1572 zu
354 1540 480 1572 stehen.
506 1558 549 1562 --
573 1551 664 1581 quem
693 1544 767 1582 etc,

91 1586 172 1618 eben
199 1596 234 1618 so
260 1586 345 1616 wird
373 1586 425 1617 die
452 1585 672 1617 Intercession
697 1596 768 1616 mo-

90 1631 190 1663 tivirt
214 1631 268 1662 bei
284 1630 353 1664 Cic.
372 1630 393 1661 I.
415 1631 437 1662 1.
464 1642 494 1662 u.
516 1630 655 1670 Gellius,
672 1641 767 1662 wenn

91 1678 175 1708 auch
199 1676 251 1708 die
276 1676 429 1716 Decrete,
464 1676 515 1708 die
550 1676 657 1708 dieser
685 1677 769 1707 uach

89 1721 200 1765 Nepos
254 1720 415 1761 anfiihrt,
461 1721 662 1762 wenigstens
711 1722 769 1753 der

90 1766 190 1799 Form
215 1768 299 1798 nach
324 1767 415 1798 nicht
432 1768 510 1799 'acht
535 1768 603 1799 sein
626 1768 766 1805 konnen,

91 1814 130 1844 da
157 1813 203 1845 sie
235 1822 337 1854 gegen
372 1812 424 1844 die
453 1812 539 1844 Sitte
571 1812 668 1853 jener
693 1812 767 1844 Zeit

91 1859 143 1890 die
166 1858 343 1900 Zunamen‚
379 1859 444 1889 und
479 1868 570 1889 zwar
607 1869 671 1889 von
706 1859 767 1889 den

91 1903 258 1936 Personen
272 1904 376 1935 selbst
389 1914 654 1945 angenommene,
673 1902 765 1934 Afri—-

90 1959 189 1981 canus
222 1961 253 1981 u.
288 1948 489 1989 Asiatiacus,
526 1949 631 1981 dieses
667 1949 766 1980 iiber-

90 1995 158 2027 dies
186 1999 271 2026 statt
299 1995 354 2026 des
394 1994 547 2027 friihereu
581 1997 766 2036 Asz‘aqenes,

93 2042 147 2080 39,
175 2043 228 2080 44,
259 2042 286 2081 1,
316 2052 347 2071 u.
384 2041 521 2072 anderes
558 2039 765 2082 [iipassende

92 2086 277 2128 euthaltem
296 2085 429 2117 Hermes
448 2089 475 2125 1,
498 2088 570 2119 161.
587 2097 765 2126 —ca7·cer.,

90 2142 116 2164 c.
142 2132 195 2171 59,
237 2133 293 2165 10:
332 2134 367 2163 2'72
402 2133 529 2175 robore,
571 2133 624 2171 60,
664 2133 693 2164 6.
732 2150 765 2153 -

89 2179 222 2217 ducem„
260 2177 345 2208 nach
386 2177 596 2218 sseenffigung
639 2177 695 2208 des
734 2179 765 2209 2.

89 2222 268 2262 punischen
290 2221 449 2265 Iirieges;
476 2222 645 2254 Gracchus
671 2222 764 2254 h'titte

91 2268 153 2299 den
204 2267 362 2310 Triumph
413 2269 463 2299 als
508 2267 622 2299 linabe
664 2269 765 2300 sehen

89 2313 229 2352 konnen,
264 2313 330 2354 vgl.
365 2324 390 2344 c.
425 2316 478 2354 60,
512 2315 541 2345 6.
575 2332 620 2336 —
644 2320 764 2346 cenant.

89 2361 124 2390 in
148 2360 191 2400 0„
219 2356 303 2390 Gell.
330 2359 350 2390 l.
376 2359 415 2390 l.:
452 2371 522 2391 cum
556 2377 598 2381 —-
624 2362 767 2392 sollemni

90 2406 140 2435 die
163 2407 288 2443 epulum
312 2405 386 2436 Iovi
421 2406 458 2444 (s.
493 2406 547 2441 25,
587 2407 616 2441 2,
648 2406 698 2445 10)
727 2407 764 2437 Zi-

89 2451 218 2482 baretur
244 2456 336 2491 atque
364 2452 399 2482 ob
425 2453 460 2482 id
486 2453 679 2491 sacrficium
715 2462 763 2482 se-

88 2501 183 2527 natus
195 2497 232 2527 in
247 2498 398 2534 Capitolio
417 2499 619 2536 epularetur,-
637 2495 765 2527 Preller

92 2541 167 2576 196.
195 2557 236 2565 —
262 2543 441 2581 sponsalib„
468 2542 526 2573 das
557 2541 763 2573 Ehcverlo‘b-

87 2585 168 2625 niss,
211 2597 275 2617 von
318 2587 408 2619 einer
446 2587 763 2629 Doppelstipulation

839 1177 1004 1209 zwischen
1023 1178 1093 1209 dem
1116 1177 1223 1210 Vater
1248 1177 1306 1209 der
1324 1177 1425 1209 Braut
1449 1178 1516 1209 und

840 1223 910 1255 dem
936 1223 1129 1263 Br'aiutigam
1154 1227 1308 1263 genannt.
1323 1241 1366 1244 —
1387 1224 1516 1266 Aemil.‚

839 1268 890 1300 die
916 1268 1060 1300 Tochter
1085 1269 1141 1300 des
1166 1268 1219 1300 bei
1245 1268 1376 1300 Cannae
1405 1268 1513 1310 gesal-

838 1314 934 1346 leuen
955 1313 1115 1345 Aemilius
1140 1312 1272 1345 Paulus.
1294 1332 1337 1336 —
1355 1316 1512 1355 muliebr„

838 1359 918 1391 weil
943 1361 1106 1400 indz'qnab.
1135 1360 1220 1390 noch
1253 1359 1389 1391 verbale
1414 1358 1515 1391 Kraft

837 1405 906 1436 hat.
933 1422 976 1426 —-
1000 1407 1143 1444 consult„
1178 1404 1284 1436 dieses
1309 1404 1437 1436 scheint
1462 1405 1514 1437 die

838 1449 923 1481 Sitte
948 1448 1118 1490 gefordert
1142 1460 1182 1480 zu
1208 1449 1325 1482 haben.
1351 1468 1397 1473 —
1419 1461 1516 1491 quam

837 1499 912 1535 etc„
938 1494 990 1526 die
1016 1494 1202 1527 Construct.
1230 1494 1275 1526 ist
1301 1495 1366 1527 wie
1393 1497 1423 1537 3,
1458 1498 1511 1536 45,

842 1543 856 1574 1
873 1553 879 1572 ε
899 1541 1084 1581 praefatus,
1104 1551 1199 1581 quam
1220 1543 1360 1574 libertati
1369 1542 1514 1582 saverit;

841 1589 869 1625 1,
904 1588 955 1627 16,
997 1588 1033 1619 8:
1067 1589 1188 1618 mirum
1212 1604 1255 1609 —-
1282 1598 1438 1628 quamque
1463 1590 1513 1619 de-

836 1634 990 1663 siderium
1022 1635 1152 1664 lenitum
1184 1634 1243 1674 sit3
1280 1642 1313 1664 es
1338 1643 1411 1664 war
1435 1633 1513 1664 dar-

837 1677 986 1718 zulegen,
1013 1677 1077 1709 wie
1103 1676 1318 1709 verschiedeu
1346 1678 1452 1710 dieses
1480 1690 1511 1710 u.

837 1734 861 1754 s.
889 1733 943 1759 ῆι,
984 1724 1078 1754 oder:
1108 1722 1172 1754 wie
1212 1723 1289 1754 sehr
1329 1723 1361 1754 in
1400 1723 1513 1756 diesen

837 1767 988 1800 Punkten
1025 1786 1067 1790 ——
1107 1767 1316 1807 abweichen3
1360 1769 1513 1811 hauflger

839 1813 924 1844 wird
937 1824 973 1845 so
995 1814 1052 1845 das
1063 1813 1324 1854 A‹lject.u.A‹lv.
1340 1814 1400 1845 mit
1416 1827 1512 1856 quam

837 1859 1045 1897 verbunden,
1074 1861 1110 1898 2,
1138 1861 1199 1901 32,
1229 1861 1288 1902 123
1322 1859 1364 1891 ib.
1391 1862 1444 1901 54,
1471 1862 1511 1904 95

838 1907 867 1943 5,
895 1907 925 1944 4,
955 1906 990 1940 1;
1015 1904 1059 1939 ib.
1089 1906 1119 1945 9,
1152 1907 1189 1942 53
1216 1906 1269 1943 39,
1297 1906 1351 1945 36,
1381 1907 1395 1939 1
1423 1917 1453 1937 u.
1479 1916 1509 1938 a.

830 1953 1038 1989 proponenda
1072 1961 1115 1981 er.
1154 1950 1198 1981 ist
1238 1950 1286 1981 als
1322 1951 1512 1992 perso'nlich

837 1995 1019 2026 construirt
1055 2006 1096 2026 zu
1136 1996 1343 2035 betrachten,
1376 1996 1440 2028 wie
1478 1998 1509 2037 8,

837 2042 890 2077 35,
918 2043 957 2080 43
984 2040 1050 2073 Cic.
1077 2041 1115 2072 (16
1142 2041 1216 2083 imp.
1245 2040 1353 2084 Pomp.
1383 2044 1434 2081 12,
1450 2043 1511 2076 34:

835 2088 908 2118 haec
947 2097 1011 2128 qua
1054 2089 1207 2119 celeo-itate
1246 2094 1332 2128 qesta
1367 2090 1431 2120 sint
1466 2107 1509 2110 -

829 2134 1064 2171 praetereunda
1096 2143 1159 2164 non
1191 2139 1267 2164 sum
1300 2144 1329 2164 u.
1363 2133 1392 2165 ‘a.
1443 2132 1510 2165 Ge-

836 2177 1002 2209 w'ohnlich
1039 2177 1123 2208 wird
1164 2188 1353 2219 quamquam
1387 2185 1414 2210 et
1451 2189 1510 2220 ge·-

835 2222 946 2263 lesen3
964 2224 1048 2254 doch
1065 2223 1152 2255 sieht
1168 2234 1241 2254 man
1262 2223 1379 2255 keinen
1396 2223 1510 2256 Grund

835 2267 888 2300 fiir
909 2268 969 2300 den
988 2268 1199 2309 Conjunctiv,
1220 2280 1246 2303 s,
1269 2270 1321 2308 36,
1342 2271 1395 2310 34,
1418 2271 1447 2303 6.
1466 2288 1509 2292 -

834 2316 1019 2355 opinionib„
1046 2314 1066 2356 ξ
1093 2315 1123 2353 3,
1150 2320 1178 2346 ee
1196 2321 1397 2356 monument„
1426 2316 1509 2347 nach

835 2360 907 2401 den,
929 2360 1008 2391 oder
1032 2361 1133 2391 durch
1161 2360 1211 2392 die
1232 2360 1414 2392 Ansichten
1434 2372 1463 2392 u.
1483 2372 1509 2393 s.

834 2416 886 2446 W.,
911 2405 950 2436 da
968 2405 1019 2436 (lie
1034 2405 1329 2437 Verschiedenheit
1345 2406 1377 2437 in
1397 2405 1509 2438 diesen

834 2451 900 2481 und
927 2452 1028 2482 durch
1046 2451 1213 2483 dieselbeu
1238 2451 1389 2483 sichtbar
1412 2451 1507 2494 wird,

835 2495 1080 2528 aufdenselbeu
1096 2497 1225 2535 berulfi,
1256 2497 1322 2538 vgl.
1347 2495 1448 2539 praef.
1476 2499 1507 2530 6.

834 2560 877 2564 -—
893 2545 1025 2583 variar„
1052 2553 1076 2574 s.
1105 2544 1158 2580 27,
1185 2543 1238 2581 27,
1264 2544 1320 2577 14:
1347 2546 1392 2575 ita
1407 2550 1506 2584 Jama

834 2590 957 2628 variat,-
983 2590 1013 2630 9,
1042 2590 1091 2629 18,
1123 2589 1161 2621 10
1187 2599 1218 2619 u.
1245 2598 1275 2623 a.
1311 2588 1372 2620 Mit
1396 2588 1507 2621 dieser
