1715 2723
183 78 264 120 182
576 79 701 112 LIBER
726 79 905 114 XXXVII.
940 80 1032 113 CAP.
1061 83 1111 115 14.
1139 84 1190 116 15.

179 181 295 220 nibus
327 181 472 219 crebris
503 181 549 219 ab
584 182 834 233 Hellesponto
866 188 981 234 atque
1011 183 1149 234 Abydo
1181 186 1364 224 facerent.

1440 89 1467 107 a..
1488 89 1517 107 u.
1537 81 1599 109 564.

1413 185 1601 226 traicienti

180 238 342 276 Aemilio
357 237 485 276 aChio
498 238 657 277 Samum
682 239 780 277 duae
790 239 962 278 Rhodiae
984 240 1263 291 quadriremes,
1286 241 1424 281 missae
1446 242 1600 282 obviam

180 294 226 332 ab
248 294 370 339 Livio,
392 299 428 332 et
450 306 517 332 rex
539 294 735 333 Eumenes
756 307 846 334 cum
875 295 1025 334 duabus
1046 297 1394 347 quinqueremibus
1417 299 1599 338 occurrit.

142 357 161 388 5
180 351 340 389 Samum
370 355 579 400 postquam
608 356 770 390 ventum
797 357 864 399 est,
895 358 1048 404 accepta
1079 353 1125 391 ab
1145 353 1252 391 Livio
1280 354 1399 393 classe
1422 360 1458 393 et
1476 356 1597 394 sacri-

179 406 278 452 ficio,
308 411 351 444 ut
380 406 537 453 adsolet,
564 406 635 446 rite
665 409 763 447 facto
785 408 970 448 Aemilius
1000 409 1207 448 consilium
1236 410 1445 449 advocavit.
1484 411 1537 450 ibi
1558 412 1598 451 C.

178 462 309 500 Livius
339 485 393 489 --
423 463 456 501 is
487 463 592 501 enim
623 469 679 502 est
709 464 859 515 primus
889 471 1046 516 rogatus
1074 467 1303 514 sententiam
1325 489 1380 493 ——
1400 468 1599 507 neminem

177 519 328 557 fidelius
348 531 464 569 posse
484 519 575 558 dare
597 520 803 560 consilium
825 522 918 560 dixit
938 534 1054 572 quam
1076 534 1178 569 eum,
1211 523 1278 572 qui
1309 523 1347 561 id
1378 523 1485 562 alteri
1505 536 1597 562 sua-

139 580 158 610 6
178 575 295 623 deret,
327 576 433 626 quod
463 577 558 626 ipse,
590 577 682 615 siin
715 578 851 616 eodem
884 579 970 617 loco
993 584 1103 625 esset,
1133 580 1305 617 facturus
1326 579 1460 618 fuerit:
1492 592 1533 618 se
1556 580 1596 618 in

177 631 306 670 animo
339 632 520 671 habuisse
544 639 622 672 tota
654 634 772 672 classe
791 635 990 685 Ephesum
1021 640 1151 685 petere
1178 641 1214 673 et
1239 636 1433 674 onerarias
1454 636 1597 675 ducere

177 688 296 727 multa
318 688 479 728 saburra
501 696 685 741 gravatas,
707 696 820 741 atque
844 704 906 729 eas
926 692 965 729 in
988 691 1164 730 faucibus
1178 698 1315 742 portus
1328 692 1596 743 supprimere3

139 753 157 784 7
178 750 214 783 et
244 757 289 783 eo
321 745 484 785 minoris
511 747 727 785 molimenti
747 759 788 785 ea
811 748 973 786 claustra
993 760 1090 795 esse⁷
1122 748 1226 798 quod
1249 749 1290 786 in
1311 748 1482 787 fluminis
1509 761 1597 787 mo-

177 801 271 839 dum
314 801 476 852 longum
505 808 542 841 et
567 809 775 853 angustum
808 809 844 842 et
868 804 1057 842 vadosum
1090 805 1233 843 ostium
1262 812 1398 855 portus
1429 806 1487 844 sit.
1544 806 1596 844 ita

177 858 452 908 adempturum
474 871 515 896 se
539 859 653 897 maris
679 871 795 897 usum
818 859 993 898 hostibus
1015 860 1135 899 fuisse
1156 861 1411 910 inutilemque
1435 862 1598 899 classem

101 912 156 952 15
177 916 382 953 facturum.
442 915 543 953 Nulli
571 928 614 954 ea
644 915 793 966 placere
820 917 1019 954 sententia.

1075 917 1271 955 Eumenes
1299 929 1368 955 rex
1399 917 1597 967 quaesivit,

176 970 269 1021 quid
296 969 482 1009 tandem‘?
522 970 588 1010 ubi
616 971 803 1010 demersis
832 972 995 1011 navibus
1026 974 1244 1011 frenassent
1273 973 1436 1012 claustra
1466 973 1596 1021 maris,

176 1033 308 1065 utrum
330 1027 450 1066 libera
471 1040 539 1066 sua
561 1028 680 1066 classe
700 1028 917 1067 abscessuri
937 1029 1027 1067 inde
1052 1031 1181 1068 forent
1202 1029 1249 1067 ad
1265 1041 1381 1080 opem
1394 1030 1596 1068 ferendam

175 1083 288 1122 sociis
319 1088 589 1135 terroremque
616 1085 793 1124 hostibus
825 1085 1104 1135 praebendum,
1135 1098 1183 1124 an
1216 1086 1335 1124 nihilo
1368 1086 1497 1125 minus
1518 1091 1597 1125 tota

135 1145 154 1176 2
176 1140 295 1178 classe
317 1146 476 1191 portum
502 1139 730 1179 obsessuri?
759 1142 840 1180 sive
862 1143 966 1180 enim
989 1142 1208 1189 abscedant,
1232 1142 1294 1180 cui
1315 1142 1479 1181 dubium
1499 1155 1596 1190 esse,

174 1197 269 1247 quin
292 1197 423 1236 hostes
448 1199 655 1236 extracturi
678 1198 873 1237 demersas
898 1199 1019 1237 moles
1043 1199 1119 1237 sint
1140 1205 1176 1237 et
1195 1199 1346 1237 minore
1369 1199 1595 1238 molimento

171 1320 292 1361 haupt:
341 1318 395 1350 fiir
438 1319 490 1351 die
533 1319 847 1362 Transportschiffe,

172 1365 298 1396 welche
335 1365 503 1396 natiirlich
540 1365 654 1397 immer
693 1366 749 1397 ab·
783 1367 848 1397 und

172 1411 371 1451 zusegelten.
397 1429 440 1433 —
466 1413 503 1442 ab
537 1413 695 1452 Hellesp„
732 1422 757 1443 s.
794 1412 848 1449 31,

171 1457 232 1495 22,
269 1458 307 1497 73
349 1456 401 1487 die
436 1456 636 1498 Hauptssotte
669 1457 760 1488 steht
796 1457 850 1489 bei

170 1500 327 1543 Ephesus.

218 1549 236 1579 5
254 1549 316 1579 —7.
342 1548 458 1587 sucus
496 1547 539 1578 ist
573 1548 631 1578 das
659 1546 759 1590 Opfer
797 1547 849 1579 bei

171 1592 229 1623 der
253 1595 399 1624 Zustmtzo
426 1595 478 1631 36,
510 1594 612 1633 42⁶)
593 1617 622 1625 .-
642 1612 683 1617 -
710 1600 747 1625 ἀί
770 1597 848 1631 ads„

173 1639 283 1679 1,28,
310 1639 341 1670 2.
363 1640 458 1669 —z‘u
482 1641 546 1670 eod
573 1641 606 1677 l
635 1649 660 1669 S.
680 1640 734 1675 35,
760 1641 792 1677 4,
817 1640 849 1678 6,

171 1682 238 1723 vgl.
258 1684 289 1722 8,
320 1685 373 1724 35,
402 1685 438 1716 6:
465 1695 492 1715 sz
509 1687 611 1716 eodem
628 1687 694 1716 loeo
703 1686 849 1725 fuissem

170 1730 208 1766 2,
240 1730 302 1768 47,
333 1731 362 1762 5.
389 1747 432 1751 ——
457 1736 533 1761 esset
560 1748 603 1752 —-
628 1730 751 1771 fuerit,
781 1729 849 1770 vgl.

169 1776 223 1813 25,
256 1777 306 1814 13,
337 1776 396 1815 123
421 1778 453 1813 4,
480 1777 533 1815 38,
561 1778 600 1817 53
628 1785 669 1806 an
695 1786 725 1806 u.
744 1774 849 1806 Stelle

170 1819 215 1851 ist
239 1821 273 1860 f.
292 1821 401 1860 ficeret
426 1820 474 1862 (iu
500 1825 584 1852 orat.
610 1824 703 1852 recta
719 1822 751 1861 f.
772 1822 847 1861 fui)

171 1865 222 1896 die
248 1865 474 1906 Bezeichnung
511 1866 603 1898 einer
638 1866 670 1897 in
695 1866 753 1897 der
779 1865 846 1898 Ge-

170 1915 322 1951 genwart
363 1910 534 1952 kiinftigen
567 1912 761 1952 Handlung,
806 1922 846 1943 zu

170 1957 229 1987 der
263 1967 325 1987 nur
358 1955 412 1987 fiir
442 1957 532 1988 nicht
556 1957 730 1988 wirkliche
758 1956 845 1989 Ver-

170 2001 333 2033 hiiltnisse
361 2001 473 2034 friiher
501 2003 559 2034 der
577 2002 773 2034 Entschluss
793 2013 848 2043 ge-

171 2045 253 2078 fasst
280 2057 370 2087 war,
401 2058 425 2079 s.
452 2049 504 2087 38,
534 2051 588 2086 47,
615 2051 651 2081 4:
683 2060 759 2089 quos
781 2060 846 2089 eqo,

170 2095 200 2124 si
223 2095 349 2125 tribum
376 2111 421 2115 —
438 2095 663 2133 prohiberem,
692 2097 848 2126 citaturus

161 2139 246 2178 sui;
266 2138 308 2169 ib.
327 2140 381 2174 31.
404 2140 441 2178 33
468 2140 587 2179 2626,
602 2142 847 2178 7.—claustra,

171 2183 222 2215 die
258 2183 587 2225 Verschliessungs-,
625 2184 846 2226 Sperrmittel,

170 2228 243 2260 hier
266 2240 319 2260 um
345 2230 403 2261 den
422 2228 579 2271 Ausgang
603 2240 661 2261 aus
689 2231 761 2261 dem
780 2230 847 2261 Ha-

171 2273 236 2314 feu,
261 2279 352 2306 sonst
378 2276 460 2306 auch
485 2286 537 2307 um
556 2276 617 2306 den
636 2275 787 2316 Eingang
807 2286 847 2306 zu

170 2319 318 2360 hindern,
338 2320 429 2352 Curt.
446 2323 477 2360 4,
498 2322 551 2360 24,
574 2323 631 2354 19:
653 2324 695 2352 ad
711 2324 848 2353 claustra

163 2373 279 2404 portus
303 2367 437 2406 incessit,
464 2376 505 2397 an
530 2377 560 2398 u.
586 2366 635 2398 St.
661 2367 705 2398 ist
731 2376 844 2406 wegen

171 2413 304 2443 minoris
328 2414 465 2451 molz'm„
491 2422 515 2443 S.
542 2422 570 2443 e.
601 2414 658 2452 15,
687 2414 724 2452 23
752 2411 845 2442 Caes.

171 2455 204 2487 Β.
230 2456 268 2487 G.
300 2459 327 2496 1,
357 2458 409 2498 34,
438 2459 475 2490 3:
500 2458 614 2489 wiirde
641 2467 692 2489 um
718 2467 754 2488 so
776 2466 846 2488 we-

172 2501 265 2542 niger
290 2502 387 2534 Miihe
420 2504 574 2543 macheu,
616 2513 656 2534 an
684 2502 736 2534 die
763 2502 846 2534 Her-

919 1320 1065 1361 stellung
1101 1321 1156 1352 des
1182 1321 1415 1353 Verschlusses
1451 1332 1491 1353 zu
1516 1321 1598 1353 den-

918 1367 992 1398 ken
1011 1384 1055 1388 ——
1081 1369 1116 1398 in
1134 1369 1231 1419 fleam.
1255 1379 1308 1406 m„
1336 1366 1456 1398 Strabo
1486 1369 1597 1407 14,1‚

920 1414 963 1445 24
988 1423 1016 1454 p.
1044 1413 1129 1445 641:
1156 1408 1222 1445 τὸν
1249 1414 1380 1457 huma
1389 1409 1596 1464 τεναγώδη

921 1468 1010 1490 οιτα
1043 1453 1229 1504 πρότερον
1261 1444 1324 1490 διὰ
1358 1455 1423 1495 τὰς
1459 1458 1496 1491 ἐκ
1529 1461 1595 1491 τοῦ

918 1501 1120 1549 Καΰστρου
1146 1499 1354 1549 προχώσεις
1379 1521 1422 1525 -
1452 1500 1554 1540 ἐντὸς
1574 1500 1595 1545 ἡ

914 1552 1008 1592 χοῦς
1044 1550 1241 1601 εἰογοιιένη
1274 1550 1476 1591 τεναῃίζειν
1500 1549 1597 1599 μᾶλ-

919 1596 985 1627 λοῑ
1011 1577 1162 1635 ἐποίησε
1181 1590 1247 1626 τὸν
1268 1595 1415 1645 λιμεναε
1438 1593 1526 1633 J'etzt
1552 1597 1598 1625 1Ξῖ

920 1640 979 1671 der
1004 1648 1107 1679 gauze
1132 1637 1321 1670 Uferstrieh
1349 1639 1538 1670 versandet.

969 1682 1035 1720 15.
1065 1686 1159 1717 1—5.
1185 1686 1406 1725 quidtandem,
1427 1683 1597 1725 dieFrage

919 1731 977 1762 der
1021 1729 1315 1770 Verwuuderung,
1365 1730 1493 1761 welche
1543 1729 1596 1761 die

922 1775 1166 1816 VViderlegung
1209 1775 1381 1816 einleitet,
1428 1775 1473 1806 ist
1513 1775 1596 1807 ohne

921 1820 1102 1853 Riicksicht
1127 1819 1188 1852 auf
1211 1821 1263 1852 die
1289 1820 1441 1861 folgende
1468 1820 1596 1852 abhiin-

917 1867 991 1908 gige
1011 1866 1118 1907 Frage
1138 1866 1388 1907 eingeschohen‚
1415 1865 1483 1907 vgl.
1506 1868 1536 1906 3,
1563 1867 1595 1905 9,

917 1914 953 1945 9:
980 1914 1058 1953 quid
1080 1914 1203 1944 tandem
1214 1915 1228 1944 ‚2
1252 1914 1304 1943 illa·
1320 1923 1384 1944 non
1401 1914 1491 1943 licere
1508 1915 1571 1943 etc.
1586 1921 1594 1953 ;

917 1958 1106 1997 vgl.ib.68,
1125 1959 1162 1999 3,
1191 1960 1221 1996 5,
1249 1959 1303 1998 54,
1335 1959 1369 1997 13
1396 1955 1417 1998 ξ
1443 1959 1461 1989 2
1486 1960 1596 1988 treten

918 2002 1127 2034 rhetorische
1145 2002 1275 2043 Fragen
1301 2002 1364 2034 ein.
1382 2019 1429 2025 —-
1437 2003 1595 2044 frenass.,

918 2049 987 2080 dem
1013 2048 1202 2089 (Schliissel)
1228 2058 1333 2089 engen
1357 2047 1495 2089 Zugang
1520 2057 1593 2079 zum

916 2093 1021 2125 Hafen
1056 2093 1212 2136 (claustra
1239 2093 1312 2125 hier
1347 2094 1465 2125 anders
1491 2093 1541 2125 als
1568 2103 1596 2124 c.

920 2142 978 2179 14,
1007 2142 1047 2180 7,
1077 2140 1145 2180 vgl.
1172 2141 1211 2179 6,
1238 2141 1278 2180 9,
1303 2141 1342 2179 43
1376 2141 1438 2179 45,
1469 2141 1528 2178 11,
1556 2141 1595 2172 4:

916 2189 1057 2217 claustra
1088 2186 1248 2227 Aeyypti)
1289 2183 1469 2225 gleichsam
1498 2183 1595 2216 einen

916 2230 1018 2262 Zaum
1042 2230 1202 2273 anlegen,
1229 2229 1480 2269 verschliessen,
1509 2228 1593 2260 Plin.

916 2275 955 2308 N.
983 2275 1020 2307 H.
1047 2276 1085 2316 3,
1127 2278 1163 2316 1,
1201 2278 1239 2309 4:
1278 2276 1433 2316 faucibus
1456 2276 1598 2314 impositi

915 2328 1032 2353 montes
1069 2328 1206 2353 coercent
1241 2323 1400 2361 claustra,
1446 2319 1512 2361 vgl.
1553 2330 1594 2350 zu

918 2366 947 2398 V
955 2376 1021 2407 erg.
1048 2366 1128 2398 Aen.
1154 2369 1190 2406 1,
1221 2368 1284 2409 533
1308 2365 1456 2406 weniger
1480 2365 1593 2396 wahr-

916 2412 1099 2443 scheinlich
1124 2412 1178 2451 ist,
1203 2411 1277 2443 dass
1293 2413 1434 2453 frenare
1457 2413 1594 2444 claustra

916 2457 1072 2489 bedente:
1097 2457 1200 2489 durch
1219 2456 1367 2497 Anlegen
1393 2456 1481 2488 eines
1503 2455 1594 2487 Zau-

915 2513 981 2534 mes
1008 2503 1101 2534 einen
1129 2502 1326 2535 Verschluss
1362 2501 1492 2541 bilden,
1526 2501 1592 2532 wie

1710 1278 1715 1281 .
1704 1194 1715 1259 ,αὴ
1698 1015 1715 1190 &muham-³112
1707 970 1715 1010 ,22-
