1715 2723
202 124 283 162 292
658 120 781 153 LIBER
798 121 959 155 XXXIV.
984 121 1075 154 CAP.
1099 123 1147 154 14.

1459 141 1484 158 a.
1501 141 1528 160 u.
1543 133 1605 159 559.

200 225 327 263 locum
352 235 465 274 quem
490 223 610 269 vellet,
633 223 858 275 priusquam
879 225 1012 264 hostes
1033 225 1234 271 sentirent,
1256 232 1430 276 caperet,
1453 232 1607 279 praeter

200 287 322 319 castra
346 279 517 318 hostium
538 280 792 319 circumducit
813 286 850 319 et
869 281 994 332 prima
1015 281 1098 320 luce
1120 281 1199 320 acie
1227 281 1414 322 instructa
1445 284 1516 322 sub
1543 284 1605 335 ip-

152 341 171 372 2
200 348 286 374 sum
316 335 455 374 vallum
477 342 557 374 tres
579 337 757 375 cohortes
779 337 910 376 mittit.
951 337 1138 376 mirantes
1159 337 1310 376 barbari
1331 339 1376 377 ab
1406 344 1513 390 tergo
1535 353 1604 391 ap—

153 396 172 428 3
209 392 382 442 paruisse
410 392 631 431 Romanum
658 393 872 432 discurrere
902 400 934 431 ct
954 394 1025 444 ipsi
1046 394 1091 431 ad
1119 405 1237 432 arma.
1284 394 1439 433 interim
1473 396 1606 435 consul

200 448 302 498 apud
330 460 422 487 suos
446 460 675 500 „nusquam
698 449 769 487 nisi
797 450 836 488 in
858 450 999 488 virtute
1027 462 1114 500 spes
1147 456 1222 495 est,
1254 450 1432 489 milites⁴‘
1466 452 1604 502 inquit,

151 508 172 539 4
201 509 267 550 „et
288 517 357 555 ego
381 504 535 550 sedulo,
565 517 612 543 ne
641 511 762 551 esset,
793 506 878 544 feci.
919 506 1021 544 inter
1042 510 1164 544 castra
1185 510 1317 544 nostra
1339 512 1378 546 et
1398 519 1469 546 nos
1491 507 1607 546 medii

199 560 332 599 hostes
354 566 392 599 et
413 561 458 599 ab
479 566 585 612 tergo
607 561 777 600 hostium
800 574 889 612 ager
910 567 979 600 est.
1022 562 1124 612 quod
1147 563 1471 613 pulcherrimum,
1503 563 1605 602 idem

199 617 457 655 tutissimum:
483 617 520 655 in
543 618 681 656 virtute
702 630 811 669 spem
834 618 999 669 positam
1021 618 1202 657 habere.“
1228 619 1299 657 suh
1318 619 1410 658 haec
1428 619 1607 658 cohortes

152 678 170 708 5
200 674 318 724 recipi
338 674 456 719 iubet,
478 679 521 711 ut
542 674 724 713 barbaros
745 674 990 713 simulatione
1010 674 1121 725 fugae
1143 675 1308 714 eliceret.
1331 676 1380 722 id,
1405 675 1506 727 quod
1524 688 1606 714 cre-

201 729 360 775 didi-rat,
383 730 519 768 evenit.
562 731 807 781 pertimuisse
829 736 866 769 et
887 731 1022 769 cedere
1043 731 1114 769 rati
1136 731 1330 770 Romanos
1347 737 1458 782 porta
1476 743 1606 770 erum-

200 791 299 836 punt
321 791 357 823 et
379 791 567 836 quantum
584 786 685 824 inter
706 792 827 825 castra
850 799 918 824 sua
940 792 977 824 et
998 787 1118 825 aciem
1136 787 1306 825 hostium
1328 788 1506 826 relictum
1529 793 1610 826 erat

152 847 172 878 6
202 842 273 880 loci
302 842 458 880 armatis
489 842 696 891 complent.
746 842 838 880 dum
867 842 1062 892 trepidant
1089 843 1168 880 acie
1196 843 1439 888 instruenda,
1473 844 1607 882 consul

201 898 276 936 iam
298 898 441 948 paratis
459 897 723 948 ordinatisque
740 898 921 936 omnibus
938 898 1217 948 incompositos
1234 899 1465 949 adgreditur.
1498 899 1608 950 equi-

200 958 258 991 tes
275 953 422 1004 primos
444 953 490 991 al)
521 958 687 1004 utroque
717 966 838 992 cornu
869 954 909 991 in
936 965 1104 1004 pugnam
1133 954 1272 993 educit.
1314 955 1381 993 sed
1409 955 1447 992 in
1476 955 1608 994 dextro

201 1009 393 1061 extemplo
414 1009 529 1060 pulsi,
554 1009 811 1060 cedentesque
841 1009 981 1060 trepidi
1010 1010 1124 1048 etiam
1154 1010 1271 1061 pediti
1292 1015 1481 1050 terrorem
1503 1011 1609 1049 intu-

153 1071 170 1101 7
202 1066 291 1104 lere.
343 1066 443 1116 quod
471 1065 535 1104 ubi
566 1066 700 1104 consul
729 1066 840 1111 vidit,
872 1067 966 1105 duas
997 1067 1179 1105 cohortes
1207 1066 1374 1105 delectas
1401 1067 1446 1105 ab
1475 1067 1609 1106 dextro

201 1122 318 1160 latere
339 1122 511 1161 hostium
535 1122 770 1161 circumduci
793 1122 897 1161 iubet
920 1127 958 1161 et
979 1122 1026 1160 ab
1048 1128 1154 1172 tergo
1177 1135 1216 1161 se
1241 1123 1458 1170 ostendere,
1480 1123 1608 1174 prius-

152 1181 172 1213 8
203 1190 319 1228 quam
340 1184 614 1217 concurrerent
634 1178 809 1229 peditum
831 1178 942 1217 acies.
983 1178 1015 1216 is
1036 1183 1160 1216 terror
1188 1179 1360 1218 obiectus
1387 1180 1491 1217 hosti
1525 1191 1608 1218 rem

200 1241 308 1273 metu
328 1235 594 1273 Romanorum
613 1235 787 1286 equitum
812 1235 1031 1273 inclinatam
1047 1234 1241 1285 aequavit:
1264 1240 1395 1273 tamen
1414 1235 1508 1273 adeo
1524 1239 1609 1273 tur-

201 1290 277 1330 bati
306 1295 415 1329 erant
443 1291 597 1329 dextrae
626 1291 704 1329 alae
732 1291 881 1341 pedites
916 1290 1161 1341 equitesque,
1189 1296 1232 1329 ut
1257 1291 1446 1341 quosdam
1476 1290 1610 1329 consul

152 1351 172 1382 9
203 1359 320 1385 manu
351 1347 431 1397 ipse
460 1347 702 1398 reprenderit
730 1347 963 1398 verteritque
993 1347 1031 1384 in
1058 1347 1224 1385 hostem.
1274 1347 1325 1385 ita
1353 1352 1390 1385 et
1426 1347 1610 1397 quamdiu

201 1403 411 1441 missilibus
443 1408 657 1454 pugnatum
686 1407 758 1449 est,
779 1415 920 1454 anceps
949 1414 1076 1454 pugna
1104 1408 1204 1448 erat,
1244 1408 1281 1441 et
1313 1403 1389 1441 iam
1412 1403 1458 1442 ab
1480 1403 1611 1442 dextra

203 1504 271 1544 vgl.
288 1502 417 1535 Charis.
435 1502 461 1534 II
479 1513 509 1545 p.
527 1503 606 1534 214:
627 1502 671 1534 JI.
692 1502 771 1534 Cato
788 1502 874 1534 dier.

201 1548 271 1579 dt'ct
313 1547 352 1579 de
385 1558 472 1579 cons.
504 1558 564 1579 suo
595 1550 761 1586 „nostros
785 1558 872 1589 pone

202 1603 322 1624 versus
333 1594 460 1624 lmstez's
473 1604 545 1624 esse
554 1593 595 1623 ab
606 1592 872 1634 deoetrapurte.⁶⁶

202 1640 285 1669 item
302 1638 391 1669 idem.
408 1641 614 1680 „postquam
632 1639 808 1680 auspicavi
820 1640 873 1668 at-

202 1694 266 1724 que
283 1684 473 1715 eoeercitum
492 1682 627 1714 adduam?
645 1692 730 1725 pone
755 1693 873 1714 versus

201 1731 321 1759 castra
341 1727 523 1759 lzosttumf‘
543 1746 585 1750 —
607 1728 721 1759 hostes
744 1728 827 1759 nach
844 1738 870 1758 c.

208 1773 269 1812 16,
298 1773 319 1804 4
344 1773 395 1804 die
420 1772 585 1804 zwischen
609 1772 785 1813 Emporiae
810 1772 875 1803 und

205 1817 355 1849 'sarraca
380 1818 583 1848 wohnenden
601 1818 738 1858 Viilker,
765 1818 875 1848 wahr-

206 1862 390 1894 scheinlieh
408 1862 460 1893 die
478 1861 657 1903 Indigeten.
676 1881 719 1884 —
742 1864 873 1900 scntir„

206 1906 240 1946 2,
259 1908 311 1946 25,
334 1909 363 1938 1.
380 1924 424 1929 -
440 1908 556 1948 inquit,
573 1907 625 1938 die
643 1907 795 1948 Stellung
812 1907 875 1938 wie

208 1951 263 1991 25,
283 1953 311 1991 3,
334 1951 385 1991 19,
404 1952 470 1992 vgl.
491 1954 520 1991 3,
538 1953 596 1991 41,
616 1952 652 1991 33
672 1952 713 1983 ib.
733 1953 785 1991 54,
805 1952 824 1983 3
842 1962 873 1982 u.

207 2007 238 2027 a.
253 2015 296 2019 -
312 1999 346 2028 et
362 2006 436 2037 ego.
454 1997 516 2027 und
536 2007 626 2027 zwar
645 2008 674 2028 u.
686 2008 710 2028 s.
722 2007 763 2028 w.
789 1997 874 2028 Dass

209 2041 292 2072 Calo
315 2041 503 2073 Celtiberer
526 2042 557 2072 in
582 2041 660 2072 Sold
685 2051 875 2082 genommen

207 2086 304 2124 habe,
323 2086 475 2118 erw'ahnt
492 2085 668 2123 Plutarch,
688 2086 778 2117 viell,
799 2087 875 2117 das-

208 2131 317 2171 selbe,
340 2141 409 2163 was
434 2131 470 2162 L.
491 2142 517 2162 c.
540 2132 596 2168 19,
620 2131 680 2162 2ff.
701 2131 875 2169 beriehtet,

208 2176 277 2217 vgl.
296 2176 447 2207 Frontin.
466 2177 495 2213 4,
516 2177 544 2211 7,
564 2176 616 2207 35.
636 2194 675 2198 —
696 2175 784 2217 quod
799 2178 877 2214 tat,

209 2222 276 2262 vgl.
291 2220 370 2252 Tac.
386 2221 466 2261 Agr.
477 2221 535 2252 30:
554 2231 637 2261 quae
652 2221 805 2261 sortibus
821 2221 879 2251 lzo-

207 2269 322 2307 nesta,
352 2266 467 2297 eadem
498 2268 600 2296 etiam
623 2267 755 2306 ignavis
782 2267 879 2296 tutis-

206 2313 314 2348 sivum
349 2312 431 2342 nach
460 2311 583 2352 Appian
616 2311 673 2341 hat
714 2309 738 2341 C
754 2315 795 2339 to
830 2310 880 2341 die

210 2356 321 2388 Flotte
340 2357 422 2387 nach
440 2355 589 2387 Massilia
611 2356 799 2395 geschirkt,
828 2365 881 2385 um

211 2402 279 2432 das.
298 2411 367 2432 was
383 2401 420 2432 L.
436 2406 524 2441 sagt:
542 2411 637 2441 nusq.
652 2419 671 2423 —
684 2401 757 2442 feci
772 2411 811 2430 zu
827 2410 880 2430 er-

210 2446 354 2477 reichen.

258 2492 334 2521 ὁ-Ῑ.
361 2493 476 2531 quant.
491 2490 562 2531 loci,
582 2500 609 2521 s.
628 2489 655 2529 1,
674 2489 722 2530 12,
746 2489 755 2520 1
773 2500 780 2527 3
800 2488 877 2520 Tac.

212 2535 248 2565 Η.
270 2538 305 2571 25,
327 2536 367 2566 29
388 2540 474 2567 extr.
495 2554 535 2558 —
560 2536 712 2566 omnihus
730 2534 773 2565 ist
792 2534 881 2566 Neu—

945 1508 1045 1534 trum.
1062 1520 1103 1525 -—
1119 1502 1241 1543 educit,
1256 1503 1285 1544 9,
1307 1502 1357 1543 12,
1380 1502 1434 1534 11:
1453 1504 1487 1534 in
1505 1505 1611 1535 aciem

946 1547 1074 1586 educit,
1098 1547 1228 1578 Andere
1247 1548 1336 1579 lesen
1355 1547 1483 1579 inducit
1501 1548 1565 1580 wie
1583 1558 1609 1579 c.

949 1593 1006 1629 15,
1043 1595 1068 1623 1.
1101 1609 1146 1614 —
1177 1592 1347 1635 eal-templo
1376 1592 1484 1635 pulsi,
1518 1593 1611 1624 ihren

945 1636 1203 1678 Aeusserungen
1227 1648 1254 1668 c.
1282 1637 1339 1676 13,
1364 1638 1382 1669 5
1406 1638 1515 1679 wenig
1539 1642 1612 1669 ent-

945 1682 1139 1724 sprechend.
1166 1700 1209 1705 —-
1237 1682 1364 1714 cedent.
1384 1685 1446 1722 tr„
1473 1682 1532 1723 31,
1558 1683 1612 1722 41,

949 1727 1001 1759 11.
1020 1745 1062 1749 —
1086 1726 1213 1768 delect.,
1231 1728 1299 1767 vgl.
1319 1738 1346 1758 c.
1368 1727 1424 1765 20,
1443 1728 1480 1766 53
1506 1727 1613 1769 2,11,

950 1772 980 1803 8.
997 1791 1041 1794 —
1063 1773 1105 1803 ab
1122 1771 1264 1812 demo-a,
1290 1782 1356 1803 von
1372 1791 1394 1794 —
1410 1782 1487 1811 aus,
1510 1772 1612 1803 daran

948 1817 1019 1852 hin,
1044 1817 1136 1848 viell.
1154 1817 1305 1848 dasselbe
1329 1817 1392 1848 wie
1415 1817 1467 1848 bei
1487 1816 1612 1848 Charis.

948 1872 989 1892 zu
1007 1860 1027 1902 ξ
1050 1863 1059 1891 l
1075 1873 1081 1891 :
1098 1864 1234 1892 nostros
1251 1880 1272 1884 -
1285 1864 1396 1903 parte,

994 1906 1093 1937 8-11.
1119 1915 1245 1947 aequati
1262 1930 1269 1944 ‚
1288 1906 1416 1937 machte
1434 1905 1541 1946 gleich
1558 1905 1615 1936 be-

947 1950 1119 1988 denklich,
1149 1949 1346 1991 gefiihrlich.
1376 1969 1418 1973 ——
1447 1950 1520 1981 alae
1546 1960 1614 1981 was

947 1995 967 2037 ξ
985 1995 1003 2025 6
1022 2006 1124 2027 cornu
1143 2005 1232 2033 war3
1257 1996 1339 2026 iiber
1361 1995 1416 2026 ala
1429 1995 1504 2037 ped.
1523 2006 1550 2026 s.
1563 1995 1616 2036 31,

949 2041 1002 2079 21,
1023 2041 1052 2071 7.
1070 2059 1113 2063 -—
1132 2040 1298 2083 reprend,
1317 2040 1383 2081 vgl.
1404 2040 1433 2079 2,
1456 2041 1506 2079 10,
1526 2040 1554 2071 3.
1573 2058 1617 2062 -

948 2088 1007 2126 ita,
1025 2095 1120 2116 wenn
1139 2095 1173 2116 es
1193 2086 1315 2126 richtig
1332 2085 1387 2125 ist,
1405 2085 1481 2126 geht
1495 2084 1617 2116 ausae-

950 2132 1062 2172 quat-tt
1088 2130 1228 2170 zuriick,
1259 2131 1322 2161 und
1352 2131 1409 2161 das
1434 2129 1528 2170 Folg.
1552 2130 1617 2161 soll

952 2176 1059 2206 dieses
1088 2174 1268 2206 ausfiihren
1297 2175 1329 2206 iu
1353 2174 1534 2206 Riicksicht
1563 2173 1621 2205 auf

953 2220 1012 2251 den
1032 2218 1154 2261 Rampf
1168 2220 1226 2251 der
1244 2219 1481 2261 Fusstruppen‚
1500 2220 1617 2250 dessen

953 2265 1078 2305 Beginn
1097 2266 1180 2296 nach
1195 2266 1266 2296 dem
1284 2265 1527 2305 misslungenen
1540 2263 1618 2295 Rei—

952 2310 1131 2350 terangriff
1150 2310 1207 2341 mit
1231 2309 1389 2350 quamdiu
1406 2328 1428 2331 —
1441 2320 1548 2351 pugn.
1566 2310 1619 2340 est

954 2355 1146 2386 bezeichnet
1174 2354 1274 2389 wird,
1304 2355 1343 2385 da
1373 2354 1406 2385 in
1431 2353 1618 2385 dcmselben

949 2400 1046 2441 jeder
1081 2399 1176 2430 Theil
1215 2399 1307 2430 seine
1340 2398 1516 2430 Vorthcile
1553 2398 1618 2430 und

953 2444 1148 2476 Nachtheile
1165 2445 1265 2475 hatte.
1285 2462 1328 2466 —
1344 2446 1378 2474 et
1395 2445 1461 2474 iam
1480 2448 1560 2483 etc.,
1585 2444 1618 2474 et

955 2490 1084 2520 scheint
1109 2489 1198 2520 nicht
1223 2489 1294 2519 dem
1313 2489 1508 2529 vorhergeh.
1527 2490 1561 2520 et
1578 2498 1618 2518 zu

954 2534 1240 2575 correspondit-en,
1251 2533 1393 2564 sondern
1403 2533 1475 2564 eine
1483 2533 1618 2564 weiterc
