1715 2723
87 79 113 98 a.
135 70 184 97 Ch.
204 70 263 97 190.

509 69 635 102 LIBER
654 69 836 104 XXXVII.
863 69 954 102 CAP.
973 70 1026 103 29.
1045 71 1096 103 30.

1423 67 1505 110 207

89 174 160 214 hae
190 173 479 224 obstreperent,
508 173 672 212 turbatis
697 173 869 224 imperiis
889 173 1044 211 tandem
1066 182 1302 210 concursum
1324 170 1370 209 ad
1391 183 1508 209 naves

90 237 158 270 est.
207 230 270 268 vix
301 242 391 268 suas
425 230 591 280 quisque
620 242 782 268 noscere
814 235 879 268 aut
899 229 1004 267 adire
1036 241 1127 279 prae
1148 228 1317 267 tumultu
1337 232 1508 278 poterat3
1528 237 1550 269 5

89 286 404 337 trepidatumque
436 298 526 324 cum
546 286 717 337 periculo
742 291 778 324 et
798 285 839 323 in
860 285 956 323 mari
977 290 1013 323 et
1031 286 1069 323 in
1091 290 1193 323 terra
1214 286 1324 329 foret,
1354 284 1393 322 ni
1416 296 1507 334 par-

88 342 192 382 tibus
216 342 347 380 divisis
361 342 547 381 Aemilius
565 353 654 381 cum
674 342 865 391 praetoria
885 353 982 379 nave
1002 341 1152 391 primus
1174 353 1194 379 e
1211 346 1327 391 portu
1337 340 1377 378 in
1389 340 1508 378 altum

90 404 244 438 evectus
258 429 267 446 ,
297 399 492 449 excipiens
512 397 774 448 insequentis,
805 410 877 436 suo
901 409 1098 448 quamque
1121 397 1256 435 ordine
1276 396 1316 434 in
1338 398 1508 435 frontem

86 455 354 501 instruxisset,
385 455 583 493 Eudamus
606 453 834 504 Rhodiaque
859 453 988 491 classis
1008 453 1266 492 substitissent
1287 453 1332 491 ad
1353 458 1508 499 terram,
1527 462 1550 494 6

89 517 132 550 ut
153 518 190 551 et
210 512 293 550 sine
314 511 567 561 trepidatione
592 510 902 548 conscenderent
921 515 968 556 et,
992 515 1035 547 ut
1057 521 1234 559 quaeque
1255 514 1385 560 parata
1397 516 1508 556 esset,

89 568 210 607 exiret
231 568 351 606 navis.
380 568 430 605 ita
457 572 494 605 et
515 566 731 616 explicuere
752 566 929 604 ordinem
949 565 1096 616 primae
1110 565 1149 603 in
1165 571 1377 615 conspectu
1393 578 1507 616 prae-
1527 577 1548 608 7

89 625 196 671 toris,
231 630 267 662 et
287 628 464 661 coactum
485 634 623 673 agmen
645 621 690 660 ab
709 622 870 660 Rhodiis
894 626 961 667 est,
980 621 1246 671 instructaque
1268 621 1380 669 acies,
1405 622 1509 661 velut

91 685 295 719 cernerent
312 679 451 729 regios,
478 679 517 716 in
540 679 660 717 altum
679 678 879 729 processit.
919 678 1020 716 inter
1041 678 1303 728 Myonnesum
1325 683 1360 716 et
1383 678 1508 729 Cory-

91 748 180 774 cum
199 735 521 786 promunturium
545 740 665 781 erant,
689 747 780 773 cum
801 735 954 773 hostem
969 745 1220 784 conspexere.
1249 733 1396 784 etregia
1409 734 1507 772 clas·
1527 740 1548 771 8

87 792 161 839 sis,
198 791 298 830 binis
337 791 377 829 in
409 791 587 830 ordinem
624 791 787 830 navibus
815 792 931 842 longo
962 790 1113 842 agmine
1148 790 1330 837 veniens,
1360 795 1396 828 et
1425 790 1507 840 ipsa

88 849 209 887 aciem
234 848 437 886 adversam
460 848 643 899 explicuit
661 848 770 886 laevo
792 854 941 886 tantum
963 852 1091 886 evecta
1115 859 1252 893 cornu,
1272 852 1315 885 ut
1330 847 1507 897 amplecti

89 910 126 943 et
146 904 308 943 circuire
331 904 511 943 dextrum
536 917 658 943 cornu
681 905 953 943 Romanorum
969 909 1110 954 posset.
1158 903 1264 954 quod
1288 903 1355 941 ubi
1375 903 1506 942 Euda-
1526 918 1546 949 9

90 973 191 1008 mus,
214 961 280 1012 qui
301 960 461 1011 cogebat
481 973 631 1012 agmen,
654 961 759 1007 vidit,
784 973 863 999 non
894 972 1010 1011 posse
1034 972 1199 1011 aequare
1225 959 1404 998 ordinem
1424 960 1506 998 Ro-

89 1030 228 1056 manos
269 1022 306 1056 et
330 1022 480 1056 tantum
510 1029 592 1056 non
620 1017 697 1055 iam
729 1017 882 1056 circuiri
912 1016 958 1055 ab
991 1017 1125 1055 dextro
1155 1028 1300 1063 cornu,

1344 1016 1509 1055 concitat

89 1085 207 1112 naves
247 1096 301 1100 ——
342 1079 379 1112 et
429 1079 538 1112 erant
584 1074 757 1113 Rhodiae
800 1074 915 1124 longe
956 1073 1132 1111 omnium
1168 1073 1389 1111 celerrimae
1429 1078 1507 1111 tota

89 1130 208 1169 classe
230 1153 304 1177 -,
336 1136 578 1180 aequatoque
611 1142 734 1168 cornu
766 1130 979 1181 praetoriae
1001 1129 1110 1175 navi,
1138 1130 1178 1167 in
1201 1141 1276 1179 qua
1296 1129 1505 1180 Polyxeni-

90 1186 156 1225 das
181 1191 272 1233 erat,
306 1198 418 1225 suam
437 1186 587 1225 obiecit.

88 1353 236 1387 12ff.-
262 1365 337 1385 suas
361 1356 476 1395 quisq„
512 1364 537 1385 s.
575 1355 602 1394 1,
637 1355 690 1393 44,
725 1355 759 1386 1:

85 1401 120 1431 in
145 1403 213 1432 suis
244 1402 378 1441 quisque
410 1401 581 1438 oenturz'is;
617 1400 670 1438 44,
705 1400 758 1439 38,

87 1446 125 1478 11
138 1456 145 1476 :
169 1447 332 1484 compositi
345 1447 412 1477 suis
423 1448 557 1486 quisque
572 1447 737 1477 ordinibus
746 1456 761 1484 ;

84 1492 118 1531 2,
145 1492 176 1530 7,
208 1492 234 1523 1.
255 1493 350 1522 min
376 1497 472 1529 terra,
502 1493 552 1531 10,
579 1492 609 1529 2,
642 1493 689 1523 10.
719 1508 758 1512 -

79 1537 199 1575 partib.
225 1537 298 1575 div„
323 1535 372 1566 sie
391 1535 532 1567 theilten
557 1535 628 1567 sich
653 1535 685 1566 in
707 1535 758 1567 die

88 1579 277 1620 Geschafte,
317 1581 435 1612 anders
479 1582 532 1620 25,
560 1582 612 1620 30,
657 1583 687 1613 6.
720 1599 757 1603 -

85 1637 141 1657 3αο
171 1637 200 1667 q.
225 1628 294 1659 ord.
319 1625 383 1657 wie
412 1636 437 1657 e.
463 1627 516 1666 23,
554 1628 591 1659 9:
617 1628 760 1665 deinceps

87 1674 149 1703 etc.
176 1688 220 1693 —-
250 1674 284 1702 in
307 1672 356 1709 fr.
386 1673 489 1711 imm,
521 1681 547 1702 c.
579 1673 629 1711 13,
662 1673 691 1704 8.
716 1689 761 1694 —

78 1719 216 1756 primae,
247 1716 298 1748 die
324 1721 412 1748 erste
430 1716 543 1756 Reme,
570 1716 611 1747 im
633 1716 760 1757 Gegen-

86 1766 178 1793 satze
203 1773 243 1793 zu
267 1773 378 1804 aymen
401 1773 518 1803 coqere,
543 1772 568 1793 c.
587 1764 640 1799 23,
668 1763 698 1795 8.
715 1780 759 1784 -—

84 1809 119 1839 in
143 1818 259 1847 consp„
285 1818 321 1838 so
347 1807 421 1839 dass
455 1817 491 1838 er
525 1818 558 1839 es
592 1808 662 1845 sah,
699 1818 760 1839 vor

84 1852 195 1884 scinen
210 1852 333 1893 Augen.
348 1871 391 1875 -—-
407 1855 525 1894 Gorya,
546 1854 599 1892 36,
620 1854 674 1891 43,
692 1853 759 1893 vgl.

83 1900 139 1938 40,
169 1899 222 1939 52,
260 1900 295 1931 5:
328 1901 412 1930 inter
442 1901 600 1937 Ephesum
632 1900 762 1930 Samum

85 1945 267 1984 Chiumque.
296 1961 340 1965 —
372 1951 533 1976 cernerem}
558 1944 679 1975 konnte
704 1943 765 1976 auf

85 1989 138 2020 die
162 1989 337 2021 Menschen
363 1989 507 2030 bezogen
533 1990 675 2021 werden.

132 2036 230 2067 8—9.
258 2037 340 2066 binis
363 2037 399 2066 in
426 2037 493 2066 ord.
521 2046 605 2074 nav„
631 2046 667 2066 so
683 2035 757 2065 dass

81 2078 118 2120 ,ie
143 2090 193 2110 zw
197 2079 228 2111 ei
250 2079 370 2111 Schifle
392 2079 464 2111 eine
481 2080 583 2112 Reihe
601 2080 758 2119 bildeteu,

84 2125 169 2156 zwei
195 2124 297 2157 neben
323 2125 496 2161 einander:
530 2127 584 2179 36,
616 2127 758 2167 43,13:

82 2172 269 2212 ooqebawtur
313 2189 358 2193 —
390 2181 492 2210 prope
538 2183 572 2203 m
617 2173 758 2203 mdiuem

83 2218 227 2258 sinqulae
253 2228 347 2248 naves
369 2220 435 2258 z'r3e
466 2216 616 2259 Xenoph
649 2216 756 2249 Anah.

84 2263 116 2301 2,
154 2264 186 2301 4,
227 2263 286 2295 26:
322 2259 443 2304 ἡγεῖτο
490 2264 540 2300 εἰς
577 2258 666 2302 δύω
698 2273 757 2294 zur

84 2306 271 2339 Constissuct
299 2318 322 2339 5.
349 2318 375 2339 c.
405 2309 458 2347 24,
492 2309 530 2347 2,
556 2309 610 2347 38,
636 2311 674 2347 4,
701 2310 754 2348 36,

85 2352 755 2395 621211C10QF13

60 2399 117 2439 ·1,
150 2399 187 2431 3:
219 2410 250 2430 se
284 2401 384 2430 teonis
415 2401 553 2430 mammis
592 2401 627 2430 in
644 2401 756 2439 pedem

83 2449 180 2475 tecum
218 2447 424 2486 transeqz'sse;
460 2445 542 2475 doch
574 2443 617 2475 ist
649 2454 690 2475 an
723 2456 753 2477 u.

84 2488 132 2521 St.
162 2489 219 2520 del
244 2500 364 2522 vorans
389 2494 536 2531 gesetzte
571 2489 755 2522 Verbalbe-

641 1187 721 1225 Iam
737 1187 826 1225 totis
849 1186 965 1225 simul
991 1185 1176 1225 classibus
1199 1185 1246 1224 ab
1267 1185 1374 1223 omni
1398 1191 1505 1236 parte
1526 1196 1590 1237 30

829 1353 916 1394 griff,
948 1357 1038 1385 etwa
1069 1354 1214 1385 euntibus
1246 1353 1296 1384 od.
1331 1355 1505 1393 instructis,

828 1398 978 1439 weniger
1015 1398 1117 1430 leicht
1151 1409 1192 1429 zu
1227 1399 1411 1440 ergiiuzen3
1452 1398 1503 1430 die

831 1444 951 1476 VVorte
978 1443 1088 1476 bilden
1113 1454 1173 1475 nur
1197 1443 1269 1475 eine
1295 1445 1417 1476 niihere
1441 1444 1505 1476 Be·-

829 1489 1006 1530 stimmung
1048 1501 1087 1521 zu
1127 1492 1217 1530 loozyo
1251 1492 1386 1532 aqmz'oze,
1419 1500 1444 1522 s.
1479 1500 1505 1521 c.

829 1537 883 1575 23,
936 1538 965 1575 8,
1005 1536 1122 1567 stenen
1171 1534 1232 1566 mit
1276 1538 1403 1567 veniens
1445 1546 1507 1566 nur

829 1580 999 1612 mittelbar
1034 1581 1066 1612 in
1106 1580 1331 1621 Verbindung,
1368 1580 1436 1622 vgl.
1476 1591 1503 1612 c.

832 1628 885 1666 21,
927 1628 956 1658 2.
983 1644 1027 1648 ——
1051 1628 1210 1666 explicuit,
1246 1627 1264 1665 ἓ
1303 1628 1344 1668 6;
1381 1636 1407 1657 c.
1452 1628 1504 1666 12,

833 1672 892 1714 103
918 1672 971 1711 28,
1002 1673 1060 1711 10,
1093 1673 1146 1710 30,
1184 1673 1242 1713 103
1271 1673 1298 1711 1,
1335 1673 1389 1711 31,
1430 1674 1448 1704 5
1474 1683 1506 1703 u.

830 1726 871 1755 a.,
891 1717 1039 1757 ‹lagegen
1058 1718 1110 1757 30,
1137 1719 1167 1755 5,
1191 1718 1227 1748 3:
1253 1719 1504 1757 explicaverunt,

830 1763 861 1801 3,
899 1764 953 1801 60,
995 1764 1052 1795 10:
1087 1765 1278 1802 explicatus,
1312 1764 1364 1803 32,
1398 1764 1430 1802 4,
1463 1765 1503 1795 4:

828 1810 1023 1846 implicatus;
1055 1807 1113 1839 das
1154 1808 1351 1848 vorhergeh.
1391 1811 1505 1840 adver-

831 1864 900 1884 sum
934 1852 978 1884 ist
1019 1853 1237 1895 proleptisch:
1271 1863 1307 1885 so
1343 1854 1417 1885 dass
1455 1853 1504 1885 sie

831 1898 940 1937 stand,
957 1898 1039 1930 wie:
1068 1898 1264 1939 gegeniiber.
1283 1917 1325 1920 —
1342 1902 1430 1940 quod
1443 1909 1505 1930 vor

830 1945 886 1976 ubi
908 1944 993 1975 kann
1016 1943 1194 1976 Pronomen
1215 1944 1296 1984 56111,
1323 1945 1427 1976 durch
1452 1956 1507 1976 ae-

827 2000 928 2030 quare
953 1993 1016 2021 etc.
1043 1989 1183 2029 erkl'zirt,
1212 1992 1244 2029 6,
1265 1992 1296 2029 7,
1322 1991 1341 2022 2
1358 2001 1389 2022 u.
1411 2000 1440 2022 a.
1462 2008 1506 2011 —

827 2045 962 2076 aequare
973 2038 1052 2075 0cm„
1068 2034 1288 2075 ausgleichen,
1305 2035 1413 2076 gleich
1426 2036 1505 2076 lang

827 2080 946 2112 bilden.
976 2099 1019 2103 —
1046 2087 1169 2112 tantum
1193 2092 1238 2121 n,
1268 2083 1299 2117 4.
1326 2083 1356 2121 2,
1385 2083 1435 2114 12.
1462 2097 1506 2104 --·

825 2138 843 2157 a
868 2128 981 2158 dextrn
1014 2137 1056 2157 a:
1090 2137 1158 2157 von
1193 2127 1234 2158 da
1270 2136 1339 2165 aus,
1366 2126 1432 2166 auf,
1463 2127 1506 2157 da

828 2172 887 2203 der
923 2171 1012 2203 linke
1045 2171 1163 2213 Fliigel
1203 2172 1261 2204 der
1301 2171 1423 2204 Feinde
1462 2182 1503 2203 zu

822 2216 1055 2249 umschliessen
1075 2218 1183 2248 droht.
1207 2234 1251 2239 -—
1267 2223 1331 2249 tcta
1352 2220 1401 2258 eL,
1424 2227 1447 2248 v
1461 2216 1496 2258 gl

825 2264 878 2304 27,
909 2263 940 2301 8,
968 2264 1006 2296 6:
1032 2270 1094 2295 tota
1120 2265 1289 2295 iuventute.

872 2305 940 2344 30.
985 2310 1081 2342 1—5.
1119 2312 1191 2340 totis
1230 2311 1310 2348 sim„
1344 2308 1404 2339 mit
1439 2308 1501 2340 den

828 2363 955 2394 ganzen
980 2353 1040 2385 auf
1055 2353 1185 2393 einmal,
1211 2352 1271 2385 auf
1293 2354 1351 2385 der
1376 2364 1503 2394 ganzen

826 2398 920 2430 Linie
937 2399 1097 2440 zugleich,
1116 2399 1207 2430 nicht
1224 2399 1288 2430 wie
1306 2410 1333 2430 c.
1353 2400 1407 2437 24,
1434 2399 1502 2439 vgl.

826 2446 857 2485 2,
874 2447 904 2484 5,
925 2445 964 2483 33
983 2446 1036 2484 43,
1056 2447 1086 2483 6,
1104 2447 1137 2485 1,
1155 2445 1257 2476 durch
1271 2446 1308 2476 ab
1322 2446 1505 2484 omnimo-te

826 2490 911 2521 wird
937 2494 1010 2523 totis
1027 2490 1210 2532 erl'autert3
1234 2489 1390 2522 Gelenius
1407 2490 1506 2522 liest:
