1715 2723
107 152 132 168 a.
149 143 200 169 ch.
217 144 276 167 195.
526 134 650 166 LIBER
668 133 827 166 xxxn‘.
855 132 947 165 CAP.
966 133 1017 165 34.
1038 133 1089 165 35.
1430 137 1509 175 323

104 250 166 276 res
187 242 267 276 tam
287 237 401 282 lenta,
425 249 541 286 quam
557 236 628 287 ipsi
646 235 763 282 scitis,
787 235 1022 286 oppugnatio
1038 235 1194 275 urbium
1211 237 1260 274 sit
1275 242 1312 274 et
1329 236 1511 275 obsiden-

104 294 208 332 tibus
229 293 335 344 prius
357 305 470 343 saepe
493 305 608 344 quam
631 291 798 330 obsessis
820 292 991 330 taedium
1014 291 1180 337 adferat,
1209 293 1284 330 iam
1313 305 1417 331 nunc
1436 293 1511 332 hoc

103 350 154 388 ita
174 361 392 400 proponere
412 362 479 387 vos
496 347 633 387 animis
650 352 815 398 oportet,
837 347 1118 386 hibernandum
1136 349 1233 386 circa
1250 348 1510 387 Lacedaemo—

103 405 162 444 nis
190 406 344 443 moenia
372 417 468 443 esse.
517 416 613 455 quae
643 415 753 442 mora
780 403 812 441 si
839 404 1011 442 laborem
1039 408 1191 441 tantum
1226 416 1269 443 ac
1295 405 1509 455 periculum
1540 411 1558 442 3

102 462 274 507 haberet,
292 467 335 500 ut
356 467 393 499 et
414 461 549 498 animis
571 464 607 497 et
630 459 854 510 corporibus
876 460 921 498 ad
945 459 1169 497 sustinenda
1191 472 1233 497 ea
1254 461 1375 510 parati
1403 473 1510 500 6556-

104 518 166 564 tis,
189 518 363 556 hortarer
383 529 469 564 vos,
492 528 594 555 nunc
615 516 790 566 impensa
812 528 965 566 quoque
988 527 1124 565 magna
1148 521 1231 565 eget
1252 515 1290 553 111
1313 529 1447 566 opera,
1470 517 1510 555 in
1539 523 1560 555 4

103 573 408 613 machinationes
429 578 467 611 et
493 578 704 617 tormenta,
736 572 876 623 quibus
903 577 1010 610 tanta
1033 571 1123 609 urbs
1153 573 1408 622 oppugnanda
1439 578 1509 615 est,

103 630 142 667 in
163 634 404 668 commeatus
426 629 531 667 vobis
553 628 744 679 nobisque
760 628 799 666 in
815 628 983 666 hiemem
1001 627 1271 678 expediendos.
1303 628 1443 678 itaque,
1462 640 1509 667 ne
1540 636 1558 666 5

104 690 169 723 aut
196 691 354 736 repente
382 684 598 735 trepidetis,
628 690 693 722 aut
720 697 803 723 rem
832 684 1052 722 inchoatam
1081 684 1245 734 turpiter
1279 683 1508 730 destituatis,

103 741 351 780 scribendum
372 746 460 779 ante
482 740 619 778 vestris
641 740 854 779 civitatibus
876 752 1014 778 censeo
1036 747 1067 777 ec
1089 740 1389 790 explorandum,
1418 740 1510 791 quid

103 809 277 848 quaeque
307 797 441 843 animi,
472 797 563 847 quid
585 797 722 834 virium
744 796 894 835 habeat.
936 796 1168 834 auxiliorum
1194 796 1287 834 satis
1316 808 1510 847 superque
1539 804 1558 835 6

101 853 245 899 habeo,
274 853 341 891 sed
372 865 446 903 quo
475 853 605 903 plures
628 865 785 897 sumus,
814 852 990 903 pluribus
1019 852 1134 890 rebus
1163 852 1373 903 egebimus.
1414 853 1508 891 nihil

102 909 178 947 iam
207 914 357 959 praeter
383 909 532 947 nudum
558 909 799 959 solunrager
831 908 1002 947 hostium
1024 908 1151 947 habet.
1193 909 1239 946 ad
1260 909 1335 947 hoc
1355 909 1507 959 hiemps

102 966 256 1004 accedet
276 966 322 1004 ad
344 965 665 1015 comportandum
696 978 742 1003 ex
767 965 978 1015 longinquo
1007 964 1181 1003 difficilis.
1198 969 1220 984 ‘⁴
1261 965 1356 1003 haec
1385 966 1507 1004 oratio
1537 973 1554 1003 7

99 1021 269 1072 primum
298 1021 448 1060 animos
471 1021 645 1059 omnium
674 1021 720 1059 ad
741 1021 978 1071 respicienda
1004 1020 1141 1071 cuique
1171 1020 1380 1059 domestica
1408 1021 1509 1059 mala

101 1078 298 1123 convertit,
317 1077 531 1127 segnitiam,
550 1077 731 1115 invidiam
749 1083 787 1115 et
804 1077 1122 1115 obtrectationem
1143 1077 1248 1115 domi
1265 1077 1506 1115 manentium

99 1133 281 1171 adversus
303 1133 516 1178 militantis,
540 1132 757 1171 libertatem
780 1133 973 1171 difficilem
995 1133 1039 1170 ad
1064 1144 1313 1178 consensum,
1337 1133 1506 1183 inopiam
1537 1141 1556 1172 8

97 1188 303 1239 publicam,
326 1189 603 1238 malignitatem
621 1189 843 1227 conferendi
865 1202 908 1227 ex
926 1189 1086 1239 privato.
1120 1188 1240 1226 versis
1262 1188 1392 1239 itaque
1411 1189 1505 1227 sub-
1536 1196 1555 1227 9

100 1245 153 1283 ito
182 1244 441 1283 voluntatibus
468 1245 632 1290 faceret,
663 1245 766 1295 quod
796 1258 816 1283 e
842 1257 883 1283 re
912 1244 1063 1295 publica
1084 1244 1216 1294 populi
1244 1244 1410 1282 Romani
1441 1258 1506 1283 so-

99 1301 326 1351 ciorumque
348 1314 432 1338 esse
451 1300 635 1345 crederet,
658 1301 881 1351 imperatori
903 1300 1178 1352 permiserunt.

212 1357 303 1395 Inde
326 1356 526 1403 Quinctius
547 1356 726 1395 adhibitis
747 1357 880 1407 legatis
901 1362 1054 1395 tantum
1074 1356 1315 1406 tribunisque
1337 1355 1506 1395 militum
1532 1359 1585 1396 35

101 1413 357 1458 condiciones,
381 1413 419 1450 in
440 1425 534 1464 quas
555 1426 627 1464 pax
645 1425 734 1452 cum
754 1418 917 1464 tyranno
935 1414 1057 1458 fieret,
1078 1413 1147 1452 has
1164 1412 1413 1463 conscripsit:
1439 1426 1505 1452 sex
1535 1423 1554 1454 2

97 1575 141 1581 —
164 1559 233 1588 iam
249 1568 353 1598 nuuc,
371 1557 430 1597 31,
449 1557 502 1597 32,
520 1558 557 1595 33
577 1559 690 1598 3,40‚
713 1558 762 1591 12.

97 1612 294 1644 —propom
315 1613 382 1641 am,
401 1613 426 1633 s.
445 1602 498 1642 31,
516 1604 569 1643 40,
588 1603 614 1634 1.
630 1621 674 1625 —
690 1605 765 1634 arzi-

96 1648 161 1678 mz's
185 1647 261 1687 geht
278 1647 456 1678 chiastisch
480 1645 539 1678 auf
556 1647 763 1690 pericnlmn3

95 1701 217 1734 corpas
234 1691 292 1723 auf
306 1692 464 1723 laborem.
483 1710 527 1714 —
550 1695 627 1734 eget
644 1703 673 1723 11.
692 1703 764 1723 mo·-

96 1747 153 1777 ra,
178 1737 260 1768 doch
276 1737 321 1768 ist
344 1737 439 1768 dabei
463 1737 554 1768 mehr
571 1747 612 1768 an
636 1737 762 1769 obsidio

96 1792 137 1812 zu
153 1782 290 1813 denken.
304 1801 347 1804 ——
365 1784 397 1813 in
415 1792 527 1824 opera,
545 1781 686 1817 Zweckz
705 1793 763 1813 an-

96 1827 173 1858 ders
191 1828 223 1857 in
240 1827 393 1858 hiemem.
410 1845 453 1849 —
470 1829 577 1866 tanta,
594 1826 710 1870 Polyb.
731 1827 762 1868 9,

97 1872 154 1902 21:
175 1869 240 1912 τὴν
256 1872 329 1903 τῶν
345 1870 659 1913 Λακεδαιμονίων
680 1869 761 1911 (πό-

96 1916 165 1955 λιν)
185 1913 278 1947 ὀκτώ
296 1916 353 1947 καὶ
372 1914 639 1960 τετταράκοντα
665 1921 762 1956 (στα-

97 1958 189 1992 δίων
217 1959 314 2002 ἔχειν
344 1959 407 1992 τὸν
432 1962 656 2004 περίβολον),
690 1962 761 1993 also

95 2005 189 2036 mehr
211 2006 261 2036 als
280 2006 363 2036 zwei
382 2006 538 2037 Stundeu.
558 2024 601 2029 —
624 2008 762 2046 civitat„

95 2059 130 2080 es
154 2050 200 2081 ist
223 2050 401 2081 besonders
426 2061 466 2082 an
491 2051 542 2082 die
565 2051 762 2082 ach'a'ischen

97 2094 232 2125 Staaten
257 2106 295 2126 zu
314 2095 451 2126 denken.
469 2113 513 2118 —
536 2098 657 2136 animi,
682 2095 763 2127 Nei-

95 2149 183 2179 gung
201 2140 280 2171 oder
295 2140 388 2171 Muth
405 2140 457 2171 die
471 2140 574 2172 Sache
593 2152 633 2172 zu
646 2145 762 2172 unter-

97 2185 242 2215 nehmen.
268 2203 311 2207 —
338 2185 516 2225 marmor„
540 2196 565 2216 s.
595 2196 621 2217 6.
641 2186 697 2227 25,
724 2186 760 2226 33

97 2229 150 2265 26,
173 2229 222 2259 10.
240 2247 283 2252 —
304 2231 388 2260 satis*
406 2241 444 2269 s.,
463 2230 493 2268 3,
513 2230 565 2269 67,
584 2230 614 2262 3.
633 2248 676 2253 -
699 2241 762 2272 qao

96 2274 287 2316 -pluribns
306 2275 388 2305 ohne
407 2285 461 2313 eo,
481 2275 510 2313 2,
533 2275 589 2313 19,
612 2275 668 2313 103
695 2276 761 2316 vgl.

98 2317 150 2357 31,
170 2318 223 2357 31,
246 2319 295 2349 17.
314 2338 342 2341 -
379 2319 508 2350 nudum
525 2319 603 2357 sol.,
622 2320 680 2351 das
698 2320 764 2352 Ge-

97 2362 174 2402 hiet,
193 2363 244 2394 die
262 2362 358 2395 Mark
376 2365 431 2395 hat
449 2374 511 2394 nur
529 2365 610 2395 noch
628 2375 695 2397 u.s.
708 2375 763 2404 w.,

97 2406 140 2438 ist
157 2417 239 2448 ganz
257 2409 531 2451 ausgepliindert‚
550 2409 616 2448 vgl.
637 2410 690 2450 26,
710 2409 763 2450 30,

100 2451 151 2483 10.
175 2471 219 2475 -
247 2454 392 2496 hiemps,
422 2454 489 2494 vgl.
520 2465 546 2485 6.
578 2454 637 2493 26,
662 2453 692 2485 8.
721 2473 764 2478 ——

96 2500 275 2539 comport.,
300 2498 449 2538 absolut,
473 2499 541 2539 vgl.
567 2498 626 2538 35,
650 2499 709 2539 45,
729 2499 762 2530 5:

97 2543 229 2584 tempus
251 2542 298 2574 ad
311 2543 575 2586 comparandum
600 2544 762 2583 habeant,

836 1559 919 1589 doch
945 1559 1031 1589 kann
1061 1558 1161 1589 leieht
1189 1561 1411 1589 commeatum
1442 1560 1504 1590 und

836 1603 887 1634 die
905 1603 1041 1644 iibrigen
1057 1602 1194 1642 objecta
1209 1603 1345 1643 ergiinzt
1358 1604 1502 1635 werden.

882 1648 957 1678 7-9.
990 1649 1124 1689 equue,
1149 1647 1230 1678 ohne
1253 1658 1332 1686 sua,
1356 1658 1381 1679 s.
1406 1659 1446 1679 zu
1469 1650 1501 1688 4,

837 1692 895 1733 58,
916 1692 972 1731 133
991 1693 1050 1730 45,
1070 1691 1205 1733 3S‚'12,
1222 1702 1292 1723 was
1310 1703 1374 1723 von
1391 1692 1502 1724 Ande-

836 1746 895 1767 ren
912 1741 1084 1777 zugesetzt
1100 1737 1196 1776 wird,
1215 1737 1294 1768 abet·
1311 1747 1425 1777 wegen
1443 1737 1502 1769 do—

833 1783 976 1813 mestica
1006 1782 1146 1813 leichter
1180 1782 1333 1813 entbehrt
1366 1782 1498 1814 werden

834 1826 931 1866 kann,
950 1827 994 1858 ist
1007 1827 1072 1858 wol
1090 1825 1149 1857 auf
1162 1826 1371 1869 respicienda
1388 1837 1428 1858 zu
1445 1827 1501 1858 be-

833 1872 948 1903 ziehcn
977 1886 998 1898 =
1027 1882 1109 1913 quae
1141 1873 1257 1912 cuique
1290 1871 1501 1914 respicienda

834 1919 949 1954 erant,
967 1916 1034 1957 vgl.
1055 1916 1109 1956 22,
1127 1917 1180 1956 59,
1200 1916 1236 1947 2:
1259 1918 1372 1948 minus
1388 1917 1502 1958 negle—

830 1961 938 2004 gendi
949 1962 1056 1998 vobis,
1076 1961 1105 1997 6,
1122 1962 1172 2001 37,
1189 1961 1244 1992 11:
1264 1963 1347 2004 ipsis
1357 1962 1503 2004 perfru-

834 2006 936 2045 enda3
963 2006 1029 2037 Cic.
1055 2005 1126 2038 Mil.
1150 2006 1209 2045 38,
1236 2007 1313 2037 104:
1337 2017 1358 2037 a
1374 2007 1465 2038 vobis
1482 2026 1502 2029 —

834 2051 1097 2083 conservandum
1122 2053 1230 2083 virum
1257 2062 1287 2082 u.
1308 2062 1355 2091 a.,
1381 2052 1447 2091 vgl.
1470 2052 1502 2089 2,

834 2096 887 2133 52,
910 2097 937 2127 1.
955 2115 999 2119 -
1022 2097 1203 2138 segnitiam
1223 2100 1297 2131 etc„
1318 2096 1370 2127 ein
1388 2101 1502 2128 trenes

834 2141 905 2173 Bild
928 2141 984 2172 des
1014 2141 1198 2181 damaligen
1229 2139 1503 2179 Griechenlands,

836 2186 900 2227 vgl.
915 2185 1101 2227 Hertzberg
1115 2188 1156 2217 99
1172 2186 1201 2217 ff.
1218 2205 1258 2208 -—
1278 2185 1434 2226 Iibertat.,
1450 2185 1503 2216 die

834 2231 1121 2273 republikanische
1145 2229 1352 2270 Verfassung
1380 2230 1504 2262 bewir-

835 2276 885 2314 ke,
900 2277 976 2307 dass
990 2295 1011 2298 —
1025 2276 1204 2315 schwierig
1221 2275 1279 2307 sei.
1295 2293 1337 2297 -—
1350 2274 1503 2315 maligvz„

835 2319 1013 2361 Kargheit‚
1042 2321 1094 2352 die
1123 2321 1195 2351 dem
1223 2319 1378 2351 Anderen
1405 2319 1502 2350 miss·
1558 2322 1560 2324 ’

834 2368 947 2405 gb'nnt,
964 2366 1030 2406 vgl.
1050 2366 1100 2405 10,
1117 2366 1170 2403 46,
1189 2366 1245 2402 15;
1264 2365 1317 2403 39,
1332 2364 1362 2401 9,
1377 2364 1408 2395 6.
1426 2374 1504 2395 con-

834 2410 981 2452 ferendi,
1000 2421 1026 2441 s.
1042 2421 1083 2441 zu
1101 2421 1128 2440 e.
1145 2410 1244 2449 26,5;
1263 2409 1433 2450 conferre,
1448 2409 1502 2447 26,

836 2455 895 2493 36,
922 2456 950 2486 5.
974 2473 1018 2478 -—
1047 2456 1233 2493 sociorum,
1261 2453 1420 2484 zun'zichst
1444 2453 1504 2484 der

836 2500 979 2531 Achiier.

883 2538 950 2577 35.
987 2544 1071 2577 1-2.
1105 2546 1254 2583 tantum,
1272 2543 1350 2575 weil
1370 2543 1437 2574 ihm
1452 2542 1503 2573 die
