1715 2723
104 62 200 89 a.c1‚.
221 62 280 89 190.
511 63 635 96 LIBER
659 63 838 97 xxxvu.
864 63 955 97 CAP.
984 66 1037 99 13.
1066 66 1115 98 14.
1444 62 1523 105 181

108 167 226 206 classe
248 165 366 205 divisa
385 178 474 217 pars
500 166 540 204 in
564 166 642 205 salo
664 165 874 211 adostium
898 172 1034 217 portus
1053 166 1093 204 in
1117 165 1270 205 ancoris
1293 166 1404 212 stetit,
1434 178 1524 216 pars

108 224 147 262 in
177 228 319 261 terram
349 222 487 261 milites
518 222 708 274 exposuit.
755 222 795 260 in
826 234 892 261 eos
924 223 1000 261 iam
1024 222 1221 273 ingentem
1247 222 1428 273 praedam
1450 222 1523 261 late
1542 232 1561 263 9

107 279 337 330 depopulato
380 292 471 330 agro
504 278 648 330 agentis
678 278 925 317 Andronicus
952 279 1131 325 Macedo,
1169 279 1236 329 qui
1260 279 1300 317 in
1330 278 1522 329 praesidio

104 336 249 386 Ephesi
279 341 379 385 erat,
425 336 502 374 iam
531 334 737 374 moenibus
762 335 1113 385 appropinquantis
1144 335 1389 385 eruptionem
1419 335 1522 380 fecit,

106 397 322 442 exutosque
353 404 492 443 magna
519 396 627 442 parte
657 390 821 441 praedae
851 391 897 429 ad
923 404 1027 429 mare
1049 404 1093 430 ac
1113 404 1230 430 naves
1249 392 1407 442 redegit.
1447 403 1522 442 po·
1544 407 1584 438 10

105 455 208 487 stero
237 448 298 487 die
329 449 476 487 insidiis
503 447 630 486 medio
662 449 786 485 ferme
814 447 895 485 viae
922 448 1058 498 positis
1088 447 1134 486 ad
1164 448 1396 486 eliciendum
1418 454 1523 487 extra

106 506 259 543 moenia
270 505 520 543 Macedonem
532 503 697 542 Romani
719 503 765 541 ad
789 503 926 541 urbem
952 504 1105 554 agmine
1127 504 1226 549 iere3
1246 504 1348 551 inde,
1370 517 1460 543 cum
1481 517 1523 542 ea

103 562 186 612 ipsa
207 561 389 612 suspicio,
409 573 457 599 ne
481 561 568 611 quis
591 559 722 605 exiret,
746 559 1005 605 deterruisset,
1030 560 1232 598 redierunt
1251 561 1296 598 ad
1319 573 1455 607 naves,
1487 567 1524 600 et
1545 571 1583 602 11

107 625 206 656 terra
229 618 401 667 marique
425 616 660 667 fugientibus
681 622 875 654 certamen
895 615 1072 654 hostibus
1085 616 1256 663 Samum,
1278 617 1382 655 unde
1402 629 1522 655 vene—

103 680 171 720 rat,
201 674 331 712 classis
360 674 507 724 repetit.
556 673 647 711 inde
670 672 765 711 (luas
787 672 986 711 sociorum
1021 685 1067 711 ex
1096 673 1211 718 Italia,
1235 672 1331 712 duas
1353 673 1523 712 Rhodias

104 730 280 768 triremes
310 742 400 768 cum
430 732 624 780 praefecto
648 729 824 780 Epicrate
843 729 996 768 Rhodio
1019 729 1065 767 ad
1092 731 1234 768 fretum
1257 729 1522 780 Cephallaniae

102 787 292 825 tuendum
322 793 477 837 praetor
508 786 622 824 misit.
681 787 867 824 infestum
898 786 935 824 id
966 786 1166 824 latrocinio
1194 785 1524 824 Lacedaemonius
1545 795 1585 826 12

102 842 302 894 Hybristas
333 855 422 881 cum
453 843 650 882 iuventute
672 843 947 893 Cephallanum
967 842 1140 889 faciebat,
1172 842 1425 892 clausumque
1449 843 1524 881 iam

104 911 208 938 mare
239 900 518 938 commeatibus
548 899 682 938 Italicis
713 906 804 938 erat.

216 956 340 994 Piraei
368 956 410 994 L.
446 956 608 994 Aemilio
638 956 784 1006 Regillo
826 955 1048 994 succedenti
1079 955 1124 993 ad
1156 955 1289 993 navale
1314 954 1524 1005 imperium
1546 966 1604 1005 14

101 1011 297 1062 Epicrates
319 1013 506 1058 occurrit3
539 1013 605 1063 qui
632 1013 758 1051 audita
790 1012 894 1051 clade
915 1012 1173 1058 Rhodiorum,
1204 1024 1294 1050 cum
1316 1011 1398 1061 ipse
1428 1010 1523 1049 duas
1543 1029 1562 1060 2

103 1074 251 1107 tantuin
282 1069 585 1120 quinqueremes
607 1068 775 1115 haberet,
804 1069 1019 1120 Epicratem
1044 1081 1133 1106 cuin
1158 1074 1339 1118 quattuor
1359 1066 1523 1106 navibus

100 1125 141 1162 in
162 1125 293 1164 Asiam
315 1138 448 1164 secum
468 1126 642 1172 reduxit3
672 1131 899 1176 prosecutae
920 1126 1033 1164 etiam
1055 1130 1207 1176 apertae
1229 1123 1524 1163 Atheniensium

101 1193 220 1219 naves
251 1187 353 1220 sunt.
400 1182 549 1233 Aegaeo
582 1182 677 1220 mari
708 1182 851 1221 trajecit
882 1179 1036 1221 Clzz'um.
1087 1181 1224 1220 eodem
1256 1180 1523 1219 Timasicrates
1544 1191 1563 1223 3

101 1238 278 1276 Rhodius
299 1250 388 1276 cum
420 1238 570 1277 duabus
602 1238 914 1288 quadriremibus
937 1238 983 1276 ab
1008 1239 1121 1277 Samo
1153 1243 1267 1276 nocte
1296 1238 1524 1287 intempesta

103 1294 218 1338 venit,
250 1294 517 1345 deductusque
547 1295 593 1333 ad
614 1295 823 1334 Aemilium
854 1295 1033 1345 praesidii
1061 1307 1173 1333 causa
1204 1307 1246 1332 se
1271 1294 1435 1332 missum
1463 1293 1524 1339 ait,

103 1352 209 1402 quod
241 1363 325 1389 eain
357 1363 465 1390 oram
488 1352 606 1390 maris
626 1351 807 1390 infestam
829 1352 1016 1390 onerariis
1038 1351 1163 1402 regiae
1183 1363 1301 1389 naves
1323 1350 1523 1388 excursio—

850 1486 1030 1527 Uebrigens
1068 1486 1112 1518 ist
1146 1497 1179 1518 es
1208 1484 1407 1524 auffallend,
1449 1484 1524 1517 dass

102 1489 197 1519 classe
234 1489 296 1519 div.
325 1498 404 1526 pars
416 1511 423 1521 ,
462 1488 545 1519 ohne
580 1487 780 1529 Andeutung

850 1532 941 1564 nicht
960 1543 1024 1563 von
1042 1531 1162 1564 Italien
1180 1542 1238 1563 aus
1255 1529 1309 1564 fiir
1325 1531 1377 1563 die
1391 1531 1524 1563 Sicher-

103 1532 159 1563 ‹les
198 1532 350 1572 th‘atigen
393 1532 584 1574 Subjectes,
634 1533 777 1565 welches

104 1577 195 1608 nicht
220 1577 252 1608 in
271 1589 354 1616 pars
372 1596 417 1601 —
437 1590 518 1618 pars
542 1578 635 1619 liegt,
664 1579 730 1620 vgl.
751 1590 778 1610 c.

105 1624 158 1663 53,
190 1625 225 1663 13
256 1624 309 1662 38,
337 1625 389 1663 53,
417 1626 460 1665 63
489 1627 519 1665 5,
547 1626 600 1663 25,
627 1626 666 1663 7,
698 1624 779 1656 iiber

104 1670 165 1701 den
191 1668 257 1701 abl.
287 1668 354 1700 abs.
383 1669 486 1701 neben
505 1681 586 1709 pars
613 1680 638 1701 s.
668 1671 722 1705 36,
749 1672 779 1711 7,

109 1716 165 1748 18:
190 1716 293 1746 divisa
317 1718 415 1747 classe
433 1722 557 1754 partem
575 1733 619 1737 ——
641 1713 778 1755 habebis,

103 1761 262 1791 wornach
312 1770 346 1792 es
395 1770 434 1791 an
477 1772 506 1792 u.
548 1760 597 1794 St.
650 1760 779 1792 heissen

103 1805 243 1837 ko‘nnte:
283 1808 377 1838 classe
411 1809 513 1838 divisa
545 1808 658 1838 Livius
688 1808 780 1838 iussit

96 1858 222 1891 partem
247 1855 308 1882 etc.
338 1869 375 1873 —
406 1855 448 1884 ad
471 1858 542 1890 ost„
569 1853 630 1891 35,
658 1851 719 1892 39,
748 1854 777 1884 5.

104 1914 147 1919 -
172 1898 257 1936 Ε]]]ι.
283 1901 317 1929 in
339 1908 462 1936 praes.,
499 1908 524 1929 c.
555 1898 616 1936 20,
648 1899 705 1940 143
744 1899 775 1936 9,

106 1944 158 1982 15,
185 1944 222 1975 3:
249 1945 405 1975 Luceriae
423 1946 457 1975 in
472 1945 643 1982 praesidio.
660 1961 700 1965 —
715 1946 778 1974 iam

103 1999 201 2019 moen.
238 1989 319 2019 uach
358 1991 420 2020 iam
452 1991 627 2030 inqentem,
663 1999 688 2020 S.
723 1989 778 2028 36,

105 2034 166 2073 34,
206 2035 241 2074 1,
279 2034 347 2075 vgl.
380 2037 535 2073 praedam
558 2052 603 2056 —
629 2036 778 2075 praedae,

106 2077 127 2119 ξ
156 2080 170 2111 1
193 2090 320 2120 amnem
347 2081 400 2117 34,
427 2081 480 2119 39,
512 2081 549 2113 12
561 2078 600 2121 f.3
624 2080 705 2111 iiber
725 2079 779 2110 die

105 2124 358 2166 asyndetischen
379 2124 577 2167 participia:
598 2128 720 2167 aqentc's
735 2143 778 2147 —

105 2173 392 2211 appropinquantis
424 2182 448 2203 s.
486 2174 529 2210 4,
556 2172 619 2211 41,
647 2174 667 2204 4
692 2182 721 2203 u.
749 2180 779 2202 a.

105 2231 149 2238 —
176 2226 262 2248 mare
285 2228 314 2249 a.
339 2227 385 2257 η,
411 2218 465 2258 22,
497 2219 547 2255 19,
576 2220 604 2249 7.

155 2262 295 2294 10—12.
334 2273 370 2294 ea
409 2264 497 2303 ipsa,
534 2263 608 2294 dass
635 2263 692 2294 das
720 2272 778 2302 ge—

106 2307 249 2338 schehen
277 2308 397 2339 werde.
423 2326 465 2329 ——
491 2315 590 2350 terra,
613 2308 670 2339 (las
696 2308 776 2340 eben

105 2352 289 2384 erw'zihnte.
314 2371 359 2375 —
385 2365 422 2385 ex
445 2355 500 2391 It„
527 2353 713 2386 attributiv.
736 2372 777 2376 —

101 2400 221 2440 praef„
246 2398 319 2430 hier
334 2398 386 2430 eiu
405 2400 699 2440 untergeordneter
716 2400 778 2431 Be-

106 2440 315 2483 fehlshaber,
341 2444 432 2475 nicht
458 2445 516 2477 der
540 2443 725 2490 ναύαρχος
752 2456 777 2478 e.

108 2490 169 2529 12,
207 2490 237 2522 9.
287 2491 428 2529 Rhodio,
466 2501 493 2521 s.
521 2501 546 2523 e.
583 2493 638 2524 15,
679 2493 706 2523 6.
734 2509 779 2513 ——

848 1578 918 1609 heit
959 1578 1014 1609 des
1056 1578 1182 1610 Meeres
1222 1577 1255 1608 in
1288 1579 1404 1609 dessen
1428 1576 1524 1608 Nahe

850 1627 986 1664 gesorgt
1010 1623 1114 1661 wir-(l,
1152 1623 1217 1664 vgl.
1246 1624 1307 1663 36,
1336 1624 1375 1663 2,
1404 1624 1453 1655 11.
1480 1641 1524 1645 —

848 1671 972 1707 Laced„
1002 1669 1067 1710 vgl.
1094 1671 1147 1709 34,
1172 1669 1225 1708 32,
1255 1670 1304 1701 18.
1324 1685 1369 1690 —-
1388 1670 1464 1709 iam,
1487 1678 1524 1700 so

849 1714 929 1746 weit
955 1725 1027 1745 war
1049 1724 1084 1746 es
1112 1714 1235 1746 bereits
1262 1713 1462 1755 gekommen.

898 1757 953 1795 14
964 1780 993 1782 —
1006 1757 1072 1796 15.
1097 1758 1247 1791 Ankunft
1275 1760 1331 1791 des
1344 1758 1524 1799 Aemilius3

850 1805 1058 1847 Hriegsrath.

898 1854 992 1885 1—3.
1017 1853 1136 1890 Piraei,
1166 1852 1221 1890 31,
1246 1852 1300 1889 22,
1329 1852 1359 1888 5,
1382 1849 1473 1881 Neue
1496 1851 1523 1890 1,

848 1899 924 1933 338.
951 1915 993 1919 —
1021 1899 1138 1929 suceed.
1170 1898 1230 1934 ad,
1267 1896 1324 1927 der
1349 1895 1524 1927 ’eintreten

847 1944 947 1975 sollte
972 1943 1044 1984 bei,
1078 1943 1130 1984 in,
1159 1953 1183 1973 S.
1210 1943 1272 1981 27,
1299 1943 1360 1980 22,
1391 1943 1427 1982 53
1465 1941 1525 1972 mit

845 1993 880 2021 in
906 1992 943 2029 8,
973 1990 1031 2029 12,
1058 1991 1099 2028 4;
1128 1989 1307 2026 Luceriam,
1333 1988 1386 2027 24,
1416 1987 1467 2029 12,
1491 1988 1523 2027 6,

847 2035 914 2076 vgl.
941 2046 980 2066 zu
1006 2036 1059 2075 31,
1086 2036 1139 2076 36,
1167 2036 1195 2066 5.
1218 2050 1258 2054 —
1277 2035 1345 2074 qui,
1372 2032 1454 2064 iiber
1470 2031 1522 2063 die

847 2080 1034 2121 Beziehung
1058 2078 1117 2111 auf
1140 2079 1198 2110 das
1216 2077 1380 2110 entfernte
1401 2076 1523 2117 object

848 2138 872 2158 S.
904 2128 964 2166 21,
1003 2127 1065 2167 26,
1092 2127 1121 2158 2.
1147 2142 1191 2147 —
1216 2127 1317 2158 duas,
1346 2124 1431 2154 nach
1460 2123 1521 2154 den

848 2171 1054 2213 Annalisten,
1081 2171 1183 2203 denen
1202 2169 1237 2202 L.
1260 2180 1286 2201 c.
1305 2172 1337 2210 2,
1367 2171 1405 2202 10
1424 2167 1521 2209 folgt,

846 2219 968 2249 miisste
991 2227 1066 2248 man
1086 2219 1129 2250 20
1147 2215 1268 2247 Schiffe
1284 2218 1463 2248 erwarten.
1477 2231 1523 2235 ——-

847 2270 981 2303 tantum,
1008 2265 1062 2303 36,
1092 2264 1142 2303 10,
1172 2263 1221 2294 13.
1245 2278 1290 2284 ——
1315 2271 1384 2292 cum
1410 2266 1522 2301 quast„

846 2320 881 2341 es
905 2309 977 2341 sind
1002 2308 1069 2339 wol
1094 2308 1146 2339 die
1177 2317 1203 2338 e.
1224 2308 1276 2346 13,
1308 2307 1345 2339 11
1366 2306 1522 2337 erw'ahn—

845 2359 913 2389 ten.
938 2373 982 2376 —
1009 2360 1134 2394 apertae
1157 2354 1247 2391 Ath.,
1274 2354 1327 2393 31,
1354 2353 1408 2391 22,
1435 2353 1522 2384 8.-

847 2403 926 2442 Aeq.
953 2403 1054 2438 mari,
1093 2401 1146 2440 35,
1172 2400 1226 2435 48,
1254 2399 1291 2440 33
1327 2399 1381 2437 21,
1412 2398 1466 2436 51,
1491 2397 1522 2429 6.

847 2464 891 2468 -
919 2447 1098 2484 onerariis,
1141 2444 1231 2478 nicht
1255 2447 1355 2482 allein
1385 2458 1438 2491 die
1463 2461 1523 2492 mit

849 2491 1008 2523 Aemilius
1024 2489 1247 2532 kommenden,
1262 2497 1402 2535 sonder„
1422 2505 1524 2539 fiber-
