1715 2723
182 964 241 1005 37

260 72 343 116 218

655 72 982 117 LIBER3XXXV11.
1015 73 1108 106 CAP.
1133 47 1186 109 aa.
1213 76 1266 108 37.

1521 82 1547 100 a.
1568 82 1596 100 u.
1610 73 1673 101 564.

257 176 387 215 Asiam
409 175 672 222 traiceremus,
693 176 724 214 si
743 188 878 227 pacem
897 182 1096 227 tamquam
1118 176 1165 215 ab
1188 177 1356 217 sollicitis
1376 178 1423 217 de
1434 177 1523 217 belli
1533 183 1674 216 eventu

218 244 238 275 5
257 232 413 283 petituri
441 232 574 270 eratis:
606 244 792 271 concesso
824 245 916 271 vero
944 233 985 271 in
1014 232 1144 271 Asiam
1173 234 1337 273 transitu
1368 241 1405 274 et
1433 246 1515 273 non
1546 233 1674 273 solum

257 287 390 334 frenis,
420 288 487 326 sed
519 289 631 327 etiam
662 288 753 340 iugo
784 294 941 339 accepto
974 300 1070 339 quae
1100 289 1320 340 disceptatio
1352 303 1398 329 ex
1418 303 1556 342 aequo,
1585 302 1676 329 cum

217 357 236 389 6
258 343 468 394 imperium
495 345 721 396 patiendum
752 345 811 392 sit,
840 345 969 384 relicta
995 343 1083 383 est?
1112 358 1182 396 ego
1215 358 1261 385 ex
1293 347 1553 386 munificentia
1572 346 1677 398 regia

261 400 473 438 maximum
489 401 638 440 donum
653 401 775 440 filium
790 401 960 448 habebo,
991 401 1084 448 aliis,
1115 402 1208 440 deos
1236 414 1387 453 precor,
1417 415 1466 442 ne
1487 415 1677 454 umquam

219 470 237 501 7
260 458 417 495 fortuna
449 463 555 508 egeat
579 470 684 504 mea3
717 459 869 497 animus
901 464 1003 496 certe
1034 470 1114 496 non
1146 458 1281 509 egebit.
1320 471 1392 510 pro
1424 465 1527 498 tanto
1552 459 1593 498 in
1614 471 1680 498 me

259 525 424 551 munere
455 520 604 565 gratum
637 526 699 553 me
726 515 766 553 in
796 527 837 553 se
862 527 945 553 esse
967 515 1115 561 sentiet,
1145 515 1177 553 si
1207 516 1396 566 privatam
1426 516 1584 567 gratiam
1604 527 1677 566 pro

259 569 406 619 privato
433 570 621 609 beneficio
653 571 904 617 desiderabit,
935 570 1088 621 publice
1118 583 1191 609 nec
1217 571 1367 610 habebo
1398 572 1606 622 quicquam
1631 571 1681 609 ab

220 638 239 671 8
259 626 323 664 illo
353 638 425 664 nec
447 627 558 666 dabo.

611 628 716 678 quod
736 628 776 666 in
799 628 1013 678 praesentia
1036 627 1126 665 dare
1147 628 1307 678 possim,
1339 628 1450 667 fidele
1473 628 1679 667 consilium

260 688 327 720 est.
368 682 451 730 abi,
482 684 617 722 nuntia
645 685 741 722 meis
766 684 916 730 verbis,
947 683 1046 722 bello
1067 683 1243 731 absistat,
1282 685 1386 735 pacis
1410 685 1680 723 condicionem

220 752 239 784 9
260 739 404 777 nullam
428 744 616 779 recuset.‘·
648 741 744 779 nihil
764 753 806 778 ea
828 747 1036 778 moverunt
1058 753 1201 791 regem,
1224 743 1439 780 tutamfore
1451 741 1537 780 belli
1559 742 1679 780 aleam

260 801 400 842 ratum,
424 797 579 847 quando
602 797 763 847 perinde
782 809 825 835 ac
848 797 946 835 victo
967 797 1043 834 iam
1064 796 1136 834 sibi
1146 798 1248 848 leges
1271 797 1503 836 dicerentur.
1536 797 1680 837 omissa

259 851 374 902 igitur
395 853 434 890 in
460 853 675 904 praesentia
698 853 894 891 mentione
927 853 1031 903 pacis
1052 858 1171 891 totam
1193 866 1326 892 curam
1344 854 1385 892 in
1406 853 1493 892 belli
1515 866 1679 905 appara-

259 914 342 946 tum
372 908 547 948 intendit.

375 965 521 1004 Consul
550 965 733 1004 omnibus
766 965 999 1016 praeparatis
1029 965 1074 1003 ad
1101 966 1301 1016 proposita
1321 966 1567 1017 exsequenda
1590 978 1679 1004 cum

261 1032 306 1058 ex
319 1022 462 1060 stativis
473 1023 669 1068 movisset,
692 1022 915 1061 Dardanum
928 1021 1113 1072 primum,
1137 1022 1275 1060 deinde
1286 1022 1502 1061 Rhoeteum
1516 1029 1681 1073 utraque

220 1086 240 1118 2
261 1077 408 1116 civitate
440 1078 591 1117 obviam
624 1079 745 1117 effusa
775 1079 890 1117 venit.
936 1078 1026 1116 inde
1046 1078 1157 1117 Ilium
1179 1079 1378 1128 processit,
1409 1079 1620 1129 castrisque
1639 1079 1680 1117 in

261 1145 412 1185 campo,
445 1136 510 1186 qui
540 1143 594 1174 est
626 1134 822 1174 subiectus
844 1134 1064 1181 moenibus,
1095 1135 1229 1184 positis
1250 1135 1289 1173 in
1312 1135 1451 1174 urbem
1473 1147 1680 1186 arcemque
1714 1162 1715 1165 =

222 1202 241 1234 3
261 1201 348 1230 cum
380 1193 627 1239 escendisset,
658 1192 883 1230 sacrificavit
903 1191 1098 1230 Minervae
1121 1190 1286 1242 praesidi
1305 1192 1402 1230 arcis
1423 1198 1459 1230 et
1477 1191 1678 1230 Iliensibus
1714 1238 1715 1241 Ἴ

258 1246 300 1284 in
331 1248 438 1286 omni
467 1261 600 1288 rerum
632 1248 922 1298 verborumque
950 1248 1102 1286 honore
1132 1247 1177 1286 ab
1208 1261 1248 1286 se
1273 1248 1461 1287 oriundos
1481 1249 1680 1288 Romanos

262 1407 326 1445 45,
355 1406 408 1444 37,
439 1407 468 1437 3.
498 1423 536 1427 -
565 1412 740 1446 tamquam,
781 1415 850 1436 was
878 1416 937 1436 nur

261 1450 312 1482 die
341 1449 402 1482 Mz.
431 1450 484 1482 Hs.
517 1451 592 1489 hat,
636 1451 722 1481 kann
758 1451 936 1482 bedeuten:

261 1496 310 1527 als
348 1496 387 1527 ob
424 1497 488 1527 wir
522 1496 619 1537 (nach
653 1506 750 1527 curer
782 1496 937 1535 Ansicht)

262 1541 394 1584 w'ziren3
434 1541 550 1597 Ρειὼὶ)
578 1552 603 1572 c.
634 1543 684 1593 12,
712 1543 731 1574 8
757 1546 832 1582 sagt
859 1552 936 1572 nur:

261 1586 305 1627 ἠι
345 1582 391 1620 ἂι
432 1586 545 1624 oi'rwg
582 1584 696 1620 αἰτὸι
734 1584 938 1631 ἀφικέσθαι

262 1632 336 1665 τῶι
360 1630 399 1668 (ἷ
388 1634 606 1678 ἓίοιμεἭπῑω]
641 1632 774 1663 “ihnlich
800 1632 936 1674 Appian

262 1680 421 1720 —f·'7ems
436 1696 473 1700 ——
492 1681 573 1720 iuqo
594 1676 629 1708 L
648 1679 705 1709 hat
725 1678 782 1709 das
803 1677 937 1710 Gleich—

262 1723 329 1755 niss
356 1724 408 1755 bei
440 1723 528 1758 Pol.:
570 1719 870 1769 ποοσὸεξιέιιεαος
896 1723 938 1756 οἰ

262 1765 384 1823 μότοι
407 1766 473 1802 τὸῑ
485 1769 655 1814 χαλινὸ),
682 1756 774 1801 ἄλλα
795 1771 855 1801 καὶ
875 1766 940 1802 roz

264 1811 601 1857 [επιβατη1;Ρ1ιιῒ.
635 1815 839 1857 Apophtheg.
876 1816 939 1847 196

265 1861 317 1902 (6
304 1862 354 1903 ῖς)
380 1860 686 1903 Appian3ue10hes
707 1859 779 1891 eine
797 1860 939 1902 Anspie-

263 1906 342 1946 lung
375 1906 435 1938 aul
464 1907 516 1938 die
547 1906 710 1937 bekannte
746 1905 849 1937 Fabel
884 1906 939 1937 des

264 1951 473 1983 Stesichorus
500 1952 641 1991 euthiilt,
667 1962 692 1983 s.
720 1951 795 1983 Hor.
820 1951 877 1993 Ep.
908 1954 936 1990 1,

268 1999 317 2037 10,
347 1998 408 2038 34·
433 1996 619 2037 Phaedr.4
651 1998 680 2030 3
700 1996 764 2028 wie
783 1998 866 2028 auch
884 1997 936 2028 die

263 2042 361 2074 Form
403 2043 461 2074 del
493 2042 581 2075 Rede
622 2043 868 2083 gezinde1t.*
903 2054 939 2074 ex

265 2100 372 2129 aequo,
399 2098 423 2119 S.
449 2090 502 2127 35,
534 2090 584 2127 16,
610 2090 649 2130 63
677 2091 705 2123 7
736 2090 790 2125 30
818 2090 856 2123 2·
883 2090 937 2128 42,

264 2135 325 2173 30,
364 2135 402 2172 6,
439 2133 504 2165 wie
541 2144 582 2164 au
618 2145 647 2165 u.
675 2134 721 2165 St.
748 2133 936 2173 attributiv,

267 2182 317 2217 10,
343 2182 398 2219 45,
426 2181 484 2218 123
511 2180 563 2213 39,
591 2180 645 2214 36,
677 2181 703 2211 1.
738 2197 770 2200 ⁷—
804 2182 937 2210 aleis—

262 2237 349 2267 mea,
391 2225 492 2256 durch
528 2224 579 2256 die
607 2224 758 2265 Stellung
792 2225 939 2264 gehohen

263 2271 327 2302 und
360 2271 430 2302 dem
456 2270 660 2310 Vorhergeh.
697 2280 729 2302 u.
755 2269 847 2310 Folg.
881 2280 934 2311 ge—

265 2317 557 2357 gefflihergesetzt,
574 2317 728 2356 fortuna.
747 2315 804 2346 der
826 2314 938 2346 Grund

263 2365 347 2393 statt
373 2362 431 2393 der
458 2360 598 2401 Person3
631 2361 689 2392 der
715 2359 872 2392 Gedanke
897 2361 941 2392 ist

264 2408 356 2438 mehr
392 2407 657 2449 parenthetisch,
695 2406 735 2437 da
771 2406 812 2436 im
846 2405 939 2447 Folg.

267 2459 352 2484 tamo
377 2453 503 2484 wieder
527 2451 587 2483 auf
607 2463 660 2493 eqo
679 2470 718 2475 —
746 2453 857 2483 habebo
882 2462 940 2482 zu-

265 2498 438 2538 riickgeht.
464 2516 506 2520 —
529 2499 664 2539 publice,
690 2496 739 2528 als
765 2497 941 2529 Yertreter

1007 1404 1062 1435 des
1091 1404 1241 1441 Staates.
1268 1407 1399 1444 publica
1423 1408 1624 1442 auctoritate,
1650 1407 1683 1445 4,

1010 1451 1067 1489 13,
1095 1451 1114 1482 S
1141 1461 1172 1481 u.
1199 1460 1228 1481 a.
1240 1462 1248 1490 ς
1273 1454 1356 1481 statt
1380 1451 1436 1482 des
1461 1460 1586 1491 ganzeu
1614 1449 1682 1482 Ge-

1007 1495 1152 1527 dankens
1177 1507 1228 1537 eqo
1253 1514 1297 1518 —
1322 1497 1398 1527 dabo
1416 1496 1475 1527 hat
1493 1495 1563 1527 Pol.
1584 1506 1610 1527 c.
1630 1498 1682 1535 15,

1010 1543 1048 1574 11
1076 1551 1151 1572 nur:
1202 1538 1286 1574 (hri
1320 1541 1359 1574 δὲ
1397 1541 1459 1583 τῆς
1491 1538 1582 1574 κατὰ
1616 1541 1682 1574 τοῦ

1011 1586 1091 1619 ιῖοῦ
1118 1587 1344 1630 e’nayysehccg
1375 1585 1590 1640 ὑπισχτεῖτο
1617 1582 1686 1619 δώ-

1009 1643 1086 1665 σειπ
1115 1632 1209 1675 οἰτῷ
1237 1642 1281 1665 σι
1283 1633 1470 1685 ιιβοιλιαν
1489 1629 1597 1671 α’ξιαν
1620 1632 1686 1674 τῆς

1008 1680 1298 1723 προτειῇιομειης
1333 1674 1496 1723 χάριτος
1542 1695 1586 1699 -
1621 1679 1683 1718 abt,

1007 1730 1088 1754 mom
1111 1725 1206 1763 ,22,
1232 1726 1285 1762 49,
1315 1726 1370 1763 103
1397 1727 1450 1763 44,
1476 1725 1530 1763 26
1560 1725 1611 1756 11.
1640 1741 1684 1745 -

1008 1771 1084 1800 meis
1107 1780 1148 1807 2„
1179 1770 1208 1808 6,
1239 1771 1290 1808 17,
1317 1770 1346 1802 8.

1056 1815 1085 1846 9.
1111 1821 1222 1854 tutam,
1251 1816 1279 1854 1,
1307 1815 1360 1853 23,
1386 1816 1426 1856 93
1453 1817 1544 1846 sonst
1568 1813 1612 1845 ist
1629 1823 1685 1854 ge-

1010 1860 1087 1890 rade
1112 1860 1163 1891 die
1189 1862 1257 1892 alea
1282 1860 1436 1892 unsicher
1462 1860 1528 1891 und
1548 1857 1684 1900 gefahr-

1009 1905 1088 1937 voll.
1115 1923 1158 1927 —-
1177 1908 1313 1945 perinde
1376 1926 1379 1927 ν
1405 1908 1500 1947 leqes,
1534 1904 1600 1946 vgl.
1630 1905 1687 1944 32,

1014 1953 1064 1989 10,
1092 1953 1133 1991 73
1175 1954 1229 1991 1³¹1,
1260 1952 1310 1992 11,
1343 1953 1391 1983 17.
1417 1969 1459 1974 —
1486 1952 1632 1989 intendit,
1658 1959 1685 1981 c.

1011 1998 1070 2028 31.
1098 2000 1136 2037 43
1181 1999 1217 2035 5,
1245 1997 1280 2031 8.
1310 1998 1347 2029 2:
1383 2008 1460 2030 eura
1484 1999 1627 2028 omnium
1652 1998 1687 2026 in

1015 2043 1127 2074 Veiens
1146 2044 1258 2073 bellum
1270 2045 1403 2082 intenta,
1424 2042 1488 2083 vgl.
1506 2043 1560 2081 35,
1584 2043 1636 2081 11,
1655 2041 1687 2074 9.

1055 2084 1231 2123 37-44.
1280 2089 1311 2120 2.
1357 2088 1416 2120 nie
1442 2087 1599 2118 Semacht
1633 2085 1688 2118 bei

1010 2132 1190 2173 Magnesia.
1240 2132 1351 2164 lustin.
1381 2135 1434 2173 31,
1464 2134 1501 2172 83
1535 2130 1686 2164 Frontin.

1009 2178 1155 2219 Strateg.
1174 2180 1205 2219 4,
1225 2180 1254 2215 7,
1275 2180 1335 2219 303
1350 2178 1489 2221 Appian.
1504 2177 1580 2220 Syr.
1601 2176 1686 2210 30ff.

1058 2225 1152 2256 1—3.
1179 2235 1216 2256 ex
1241 2231 1322 2263 stat„
1346 2234 1371 2255 c.
1398 2226 1451 2258 33.
1469 2241 1512 2246 ——
1532 2225 1687 2263 movisset,

1009 2280 1033 2300 s.
1060 2271 1121 2308 35,
1147 2271 1190 2309 4,
1217 2271 1244 2303 5.
1273 2287 1316 2292 -
1343 2272 1510 2310 Βανᾱαπ.,
1535 2278 1561 2299 c.
1588 2269 1619 2308 9,
1646 2269 1686 2309 73

1009 2314 1288 2346 wahrscheinlich
1320 2315 1365 2346 ist
1397 2315 1455 2346 der
1485 2313 1607 2345 Consul
1631 2312 1685 2344 bei

1009 2360 1147 2402 Abydus
1195 2361 1349 2401 gelandet
1396 2360 1461 2391 und
1499 2360 1578 2400 geht
1618 2368 1684 2389 nun

1010 2404 1137 2437 siidlich
1163 2416 1203 2437 an
1234 2406 1290 2437 der
1308 2404 1412 2437 Hiiste
1437 2405 1504 2439 hin.
1530 2423 1562 2426 κ
1584 2406 1686 2436 Ilium
1709 2445 1714 2448 ἢ

1010 2470 1050 2474 —
1068 2453 1192 2492 ὅπη-ΥΣ,
1217 2461 1241 2482 s.
1267 2461 1294 2482 c.
1312 2453 1343 2491 9,
1373 2453 1412 2490 73
1438 2451 1491 2490 35,
1518 2451 1572 2490 43,
1599 2451 1685 2483 3.-

1012 2499 1044 2527 z‘n
1071 2499 1158 2528 omni
1181 2500 1254 2536 etc„
1281 2496 1364 2527 auch
1391 2500 1482 2527 sonst
1500 2495 1599 2527 findet
1616 2493 1686 2526 sich
