1715 2723
584 743 619 792 T
644 742 658 792 1
684 742 718 792 T
745 742 757 791 l
818 742 846 791 L
870 742 886 792 Ι
912 740 980 792 Vl

238 856 297 894 AB
329 854 461 894 URBE
493 854 706 893 CONniTA
737 853 993 893 LIBRORUM
1025 854 1318 894 PERioeHAE.

491 1088 748 1121 PERIOCHA
773 1088 902 1120 LIBRI
928 1087 1056 1121 XXXI„

166 1170 248 1201 Belli
272 1170 434 1201 adversus
452 1169 635 1211 Philippum
654 1168 869 1200 Macedoniae
892 1179 1020 1209 regem,
1045 1169 1130 1211 quod
1154 1169 1377 1201 intermissum
1395 1175 1479 1212 erat,

75 1215 210 1257 repetiti
228 1225 346 1246 causae
364 1213 556 1245 referuntur
572 1215 648 1245 hae:
672 1218 820 1256 tempore
844 1214 1014 1245 initiorum
1034 1215 1097 1246 duo
1117 1214 1254 1245 iuvenes
1273 1214 1478 1255 Acarnanes,

74 1260 128 1302 qui
147 1271 207 1291 non
227 1265 321 1291 erant
340 1259 477 1299 initiati,
503 1260 650 1290 Athenas
676 1264 841 1290 venerunt
858 1264 891 1290 et
908 1259 939 1289 in
959 1259 1141 1290 sacrarium
1160 1260 1293 1291 Cereris
1312 1270 1383 1291 cum
1402 1260 1476 1292 aliis

73 1305 288 1347 popularibus
313 1305 382 1336 suis
406 1305 630 1336 intraverunt.
664 1304 703 1334 ob
722 1305 798 1341 hoe,
822 1309 986 1346 tamquam
1008 1315 1166 1335 summum
1186 1304 1276 1336 nefas
1295 1305 1477 1336 commisis-

74 1354 164 1387 sent,
191 1350 231 1381 ab
249 1350 505 1381 Atheniensibus
531 1349 636 1380 oeeisi
659 1354 747 1381 sunt.
782 1349 973 1381 Acarnanes
991 1349 1154 1381 mortibus
1171 1360 1304 1381 suorum
1322 1350 1477 1382 commoti

74 1396 115 1426 ad
138 1395 354 1426 vindicandos
380 1395 457 1426 illos
481 1395 642 1426 auxilium
661 1405 678 1425 a
696 1394 843 1436 Philippo
862 1394 1031 1436 petierunt
1048 1399 1081 1426 et
1098 1394 1245 1426 Athenas
1265 1406 1476 1436 oppugnave-

73 1445 168 1479 runtg
192 1440 413 1472 Athenienses
431 1440 593 1472 auxilium
611 1450 629 1471 a
646 1439 800 1471 Romanis
819 1440 995 1482 petierunt.
1029 1445 1179 1481 coeptum
1197 1445 1248 1471 est
1266 1445 1374 1472 autem
1391 1451 1476 1472 anno

74 1485 337 1527 quingentesimo
352 1485 618 1527 quinquagesimo
632 1485 671 1516 ab
685 1485 766 1516 urbe
781 1484 923 1524 condita,
938 1489 1013 1526 post
1025 1495 1136 1526 pacem
1145 1485 1476 1526 Carthaginiensibus

74 1531 184 1562 datam
206 1531 319 1572 paneis
342 1530 519 1561 mensibus.
559 1540 629 1561 cum
654 1530 920 1568 Atheniensium,
945 1529 999 1571 qui
1022 1540 1040 1560 a
1058 1529 1205 1572 Philippo
1231 1531 1477 1570 obsidebantur,

73 1575 178 1614 legati
195 1575 356 1607 auxilium
374 1585 391 1606 a
409 1580 526 1606 senatu
543 1575 714 1617 petissent,
735 1579 767 1606 et
785 1575 815 1605 id
828 1578 963 1605 senatus
978 1573 1146 1606 ferendum
1161 1575 1357 1616 censuisset,
1372 1576 1476 1618 plebe,

75 1620 129 1651 cui
153 1625 204 1651 tot
227 1620 390 1651 bellorum
415 1621 590 1652 continuus
616 1620 710 1650 labor
730 1619 844 1660 gravis
862 1624 946 1656 erat,
969 1619 1186 1651 dissentiente
1204 1620 1310 1651 tenuit
1328 1621 1476 1652 auetori-

74 1670 126 1697 tas
151 1670 297 1707 patrum,
320 1670 356 1696 ut
381 1666 491 1697 sociae
515 1665 648 1697 civitati
671 1664 760 1696 serre
777 1678 809 1695 u
828 1675 955 1706 quoque
985 1675 1076 1706 opem
1100 1665 1240 1707 populus
1264 1665 1405 1696 iuberet.
1444 1666 1476 1697 id

74 1710 197 1742 bellum
215 1710 248 1741 P.
264 1710 408 1752 Sulpicio
427 1710 555 1742 consuli
572 1710 758 1742 mandatum
776 1714 838 1749 est,
857 1709 911 1751 qui
929 1709 1080 1741 exercitu
1092 1710 1123 1741 in
1140 1710 1364 1742 Macedoniam
1377 1711 1475 1742 ducto

75 1756 287 1797 equestribus
310 1756 446 1797 proeliis
470 1766 629 1797 prospere
653 1765 726 1786 cum
744 1754 892 1797 Philippo
918 1755 1086 1796 pugnavit.
1120 1755 1273 1798 Abydeni
1290 1766 1309 1786 a
1326 1755 1475 1798 Philippo

76 1800 204 1832 obsessi
222 1801 262 1832 ad
280 1801 463 1843 exemplum
477 1801 734 1840 Saguntinorum
752 1810 829 1831 suos
847 1810 945 1841 seque
960 1800 1159 1831 occiderunt.
1190 1800 1226 1831 L.
1243 1800 1364 1832 Furius
1380 1811 1477 1842 prae-

74 1850 129 1877 tor
147 1845 262 1877 Gallos
282 1845 437 1877 Insubres
462 1846 663 1877 rebellantes
688 1850 720 1876 et
738 1845 959 1877 Hamilcarem
975 1844 1118 1876 Poenum
1137 1845 1258 1876 bellum
1276 1846 1307 1876 in
1326 1855 1365 1877 ea
1384 1851 1477 1888 parte

74 1889 192 1922 Italiae
218 1891 406 1922 molientem
431 1891 502 1922 acie
520 1892 615 1922 vicit.
651 1890 817 1922 Hamilcar
835 1900 872 1921 eo
892 1890 979 1921 bello
998 1890 1127 1922 occisus
1145 1896 1195 1922 est
1213 1895 1247 1921 et
1264 1891 1354 1922 milia
1373 1891 1476 1922 homi-

76 1946 152 1966 num
169 1935 316 1968 XXXV.
351 1941 525 1977 praeterea
548 1936 775 1977 expeditiones
793 1935 932 1977 Philippi
950 1935 1040 1976 regis
1059 1941 1091 1967 et
1109 1935 1233 1978 Sulpici
1251 1936 1399 1967 consulis
1417 1946 1477 1968 ex-

75 1981 356 2022 pugnationesque
374 1981 502 2012 urbium
521 1981 561 2012 ab
578 1986 718 2022 utroque
735 1979 841 2011 saetas
857 1980 1015 2012 eontinet.
1045 1980 1210 2023 Sulpicius
1225 1981 1340 2012 consul
1354 1981 1476 2013 bellum

75 2025 212 2065 gerebat
229 2026 463 2057 adiuvantibus
481 2036 559 2066 rege
578 2026 692 2057 Attalo
710 2030 744 2056 et
760 2024 907 2056 Rhodiis.
941 2026 1158 2067 triumphavit
1178 2026 1216 2057 de
1237 2025 1344 2058 Gallis
1359 2026 1397 2059 L.
1411 2026 1477 2058 Fu-

75 2070 144 2101 rius
163 2075 307 2112 praetor.

487 2288 739 2321 PERIOCHA
765 2288 896 2321 LIBRI
921 2288 1064 2322 XXXII.

168 2368 344 2411 Complura
366 2369 517 2411 prodigia
540 2379 582 2401 ex
604 2369 749 2401 diversis
773 2370 964 2411 regionibus
987 2370 1137 2401 nuntiata
1156 2368 1364 2407 referuntur,
1389 2369 1477 2401 inter

80 2412 178 2455 (quae,
202 2414 234 2445 in
253 2413 448 2446 Macedonia
470 2415 502 2445 in
526 2424 629 2457 puppe
653 2415 770 2454 longae
794 2416 889 2446 navis
908 2416 1055 2446 lauream
1073 2425 1146 2446 esse
1165 2419 1283 2445 natam.
1319 2413 1355 2445 T.
1376 2414 1477 2455 Quin-

78 2458 146 2490 tius
163 2458 369 2490 Flamininus
394 2460 508 2491 consul
532 2461 695 2491 adversus
713 2459 895 2503 Philippum
920 2459 1067 2491 feliciter
1091 2459 1251 2501 pugnavit
1275 2459 1305 2489 in
1327 2458 1476 2491 faucibus

78 2502 172 2545 Epiri
193 2502 405 2546 fugatumque
423 2505 532 2546 coegit
548 2505 581 2536 in
600 2515 734 2545 regnum
753 2506 890 2537 reverti.
924 2505 994 2547 ipse
1011 2504 1235 2541 Thessaliam,
1257 2514 1338 2545 quae
1357 2509 1408 2536 est
1426 2505 1478 2536 vi-

78 2548 153 2580 cina
169 2548 399 2590 Macedoniae,
423 2550 525 2582 sociis
543 2550 674 2581 Aetolis
692 2555 725 2582 et
744 2549 981 2582 Athamanibus
1000 2550 1149 2588 vexavit,
1169 2549 1205 2581 L.
1225 2548 1379 2590 Quintius
1398 2550 1476 2582 Fla-
