1715 2723
691 154 816 187 LIBER
833 154 978 187 XXXII.
1004 154 1097 187 CAP.
1115 155 1169 186 40.
1491 169 1516 187 a.
1532 170 1559 188 u.
1574 163 1636 190 557.

229 157 307 198 178

154 261 207 299 40
336 257 389 296 De
419 257 529 307 Argis
556 269 709 307 quoque
738 257 963 307 disceptatio
984 256 1031 295 ab
1053 255 1180 295 Attalo
1201 267 1289 306 rege
1309 260 1369 295 est
1390 262 1517 305 mota,
1547 268 1637 297 cum

223 313 355 352 fraude
376 313 556 352 Philoclis
576 313 768 364 proditam
788 313 926 351 urbem
946 313 981 351 vi
1010 313 1055 351 ab
1078 325 1124 351 eo
1145 312 1269 350 teneri
1289 318 1486 363 argueret,
1508 314 1568 352 ille
1588 314 1635 353 ab

223 370 316 421 ipsis
351 370 496 421 Argivis
537 382 578 408 se
618 369 843 408 defenderet
883 369 1061 408 accitum.
1113 368 1337 407 contionem
1371 381 1440 408 rex
1473 369 1635 420 Argivo—

222 439 311 465 rum
332 426 571 477 postulabat,
608 430 651 464 ut
677 426 715 463 id
744 425 830 464 sciri
852 430 1005 476 posset,
1035 437 1107 464 nec
1132 430 1319 475 tyrannus
1347 425 1536 473 abnuere3
1567 426 1635 465 sed

222 482 398 521 deductis
420 495 466 521 ex
487 482 582 521 urbe
604 482 802 533 praesidiis
824 482 985 521 liberam
1007 482 1229 520 contionem
1251 492 1328 520 non
1351 481 1538 520 immixtis
1559 482 1634 521 La-

222 539 480 578 cedaemoniis
503 539 802 584 declaraturam,
842 538 934 588 quid
960 538 1086 588 Argivi
1106 538 1265 584 vellent,
1293 538 1468 588 praeberi
1495 538 1634 577 debere

222 595 372 634 dicebat
391 607 478 642 rex,
500 600 683 646 tyrannus
704 595 856 645 negavit
877 595 1149 633 deducturum.
1193 594 1289 632 haec
1310 594 1534 645 disceptatio
1552 594 1634 633 sine

171 661 192 691 4
221 652 328 690 exitu
358 651 443 690 fuit.
486 652 532 689 de
561 651 752 701 colloquio
773 651 986 689 discessum
1016 650 1199 689 sescentis
1222 649 1469 689 Cretensibus
1497 650 1544 689 ab
1571 655 1632 701 ty·-

219 719 342 747 ranno
372 707 469 746 datis
497 708 673 746 Romano
704 707 939 758 indutiisque
965 707 1066 745 inter
1097 706 1382 753 Nicostratum,
1411 711 1632 758 praetorem

219 764 476 809 Achaeorum,
501 769 538 802 et
557 763 952 802 Lacedaemoniorum
975 768 1183 814 tyrannum
1208 763 1246 801 in
1274 768 1459 814 quattuor
1479 775 1633 802 menses

219 820 342 859 factis.

171 883 190 913 5
333 875 425 914 Inde
447 874 650 921 Quinctius
682 874 913 913 Corinthum
936 880 993 913 est
1014 874 1211 925 profectus
1233 879 1272 912 et
1292 874 1338 913 ad
1359 880 1512 925 portam
1542 887 1632 913 cum

219 931 461 970 Cretensium
483 930 662 969 corhorte
684 930 857 976 accessit,
880 936 923 969 ut
942 931 1103 969 Philocli
1124 930 1320 981 praefecto
1342 929 1447 969 urhis
1468 943 1631 982 appare-

170 994 189 1024 6
217 992 277 1027 ret
296 992 504 1038 tyrannum
527 998 547 1024 a
568 986 746 1038 Philippo
769 987 949 1025 descisse.
991 987 1180 1025 Philocles
1208 991 1247 1024 et
1277 986 1357 1038 ipse
1387 987 1433 1025 ad
1462 987 1630 1038 impera-

216 1048 343 1082 torem
366 1045 584 1082 Romanum
607 1043 646 1081 in
676 1043 911 1094 colloquium
942 1043 1047 1082 venit
1066 1042 1337 1093 hortantique,
1365 1048 1409 1082 ut
1435 1044 1630 1094 extemplo

216 1100 400 1138 transiret
428 1100 645 1150 urbemque
680 1100 869 1146 traderet,
905 1099 956 1137 ita
990 1099 1209 1151 respondit,
1246 1105 1290 1138 ut
1318 1099 1512 1138 distulisse
1546 1111 1631 1138 rem

169 1163 185 1193 7
217 1156 336 1207 magis
365 1169 482 1207 quam
504 1167 665 1206 negasse
688 1156 892 1194 videretur.
934 1168 954 1193 a
975 1156 1161 1194 Corintho
1184 1155 1387 1200 Quinctius
1407 1155 1629 1206 Anticyram

216 1212 385 1259 traiecit,
408 1212 494 1250 inde
515 1212 674 1250 fratrem
698 1212 745 1249 ad
766 1212 1033 1262 temptandam
1055 1212 1299 1251 Acarnanum
1323 1217 1477 1262 gentem
1511 1212 1628 1250 misit.

168 1274 186 1306 8
215 1268 367 1307 Attalus
389 1268 434 1307 ab
456 1268 567 1318 Argis
590 1268 793 1318 Sicyonem
816 1273 874 1306 est
894 1269 1103 1319 profectus,
1146 1267 1196 1305 ibi
1214 1273 1252 1306 et
1273 1268 1403 1306 civitas
1425 1267 1533 1306 novis
1555 1268 1627 1306 ho-

216 1324 378 1363 noribus
399 1329 547 1363 veteres
568 1324 667 1374 regis
687 1324 858 1363 honores
880 1325 1004 1370 auxit,
1034 1328 1072 1362 et
1092 1336 1159 1362 rex
1187 1324 1233 1362 ad
1255 1324 1313 1370 id,
1343 1324 1446 1374 quod
1475 1336 1628 1363 sacrum
1703 1366 1711 1378 β

169 1388 187 1418 9
222 1380 407 1432 Apollinis
423 1393 557 1431 agrum
575 1381 707 1431 grandi
723 1380 921 1431 quondam
936 1380 1098 1432 pecunia
1114 1380 1332 1419 redemerat
1347 1380 1405 1426 iis,
1427 1385 1512 1418 tum
1530 1393 1629 1431 quo·

175 380 192 410 'Q

173 604 192 635 ω

959 1491 1141 1533 Uehrigens
1172 1491 1244 1523 sind
1274 1492 1326 1523 die
1354 1491 1531 1534 praesidia
1562 1492 1627 1523 und

261 1485 329 1523 40.
362 1491 450 1522 1-4.
497 1501 623 1533 qnoque
657 1491 740 1522 ohne
773 1491 884 1522 Bezie-

957 1537 1008 1568 die
1033 1536 1291 1568 Lacedamnomtz·
1311 1536 1480 1567 diesclben
1504 1536 1626 1568 Perso-

214 1536 302 1577 hung
319 1534 378 1567 auf
390 1537 431 1567 ab
449 1536 586 1573 Attalog
606 1536 684 1567 weil
702 1537 785 1567 auch
802 1536 884 1567 iiber

214 1582 276 1612 den
286 1581 429 1612 Frieden
442 1581 637 1613 verhandelt
652 1581 787 1612 worden
801 1591 883 1612 war.

213 1645 256 1649 —
278 1629 390 1667 mota,
415 1637 441 1657 s.
467 1626 525 1667 35,
544 1626 603 1667 42,
621 1627 656 1656 4:
681 1626 882 1657 consultatio

212 1673 322 1711 mota3
340 1671 394 1711 28,
416 1672 466 1713 11,
488 1673 542 1702 10:
560 1674 736 1702 mouerant
752 1690 773 1693 -
789 1682 883 1702 men-

214 1718 340 1747 tionem
362 1727 394 1747 u.
421 1726 451 1747 a.
475 1734 518 1738 ——
541 1717 582 1747 ab
605 1727 657 1755 eo,
681 1716 758 1747 dass
778 1715 881 1747 Nabis

214 1761 359 1801 gemeint
383 1761 449 1802 sei,
472 1761 562 1793 lehrt
586 1761 645 1792 der
669 1761 883 1792 Zusammen—

213 1806 310 1847 hang.
327 1824 370 1828 —
388 1804 542 1847 defend,
563 1816 588 1837 s.
608 1806 667 1844 21,
689 1806 744 1848 18,
765 1807 799 1837 2:
825 1805 882 1837 de-

211 1851 395 1892 fenderent
413 1851 547 1893 publico
569 1850 705 1882 consilio
733 1851 879 1892 saelum.

212 1914 255 1918 —
273 1895 332 1926 Die
350 1895 519 1927 einzelnen
532 1895 643 1935 Siitze,
661 1900 732 1927 erst
749 1896 881 1927 Neben-

210 1940 317 1971 satze:
343 1951 419 1971 cnm
441 1945 522 1980 etc„
547 1941 631 1971 dann
658 1940 877 1982 Haupts'atze:

209 1987 398 2016 contionem
414 1990 495 2026 etc.,
514 1985 586 2016 sind
606 1986 686 2016 nach
704 1985 768 2017 Art
786 1986 879 2017 einer

209 2030 385 2062 altercatio
419 2030 578 2061 einander
606 2031 794 2071 gegeniiber
823 2040 880 2071 ge-

211 2075 305 2106 stellt
330 2075 393 2106 und
412 2075 494 2105 ohne
517 2075 771 2114 grammatische
788 2075 876 2107 Ver-

209 2119 363 2160 bindung.
382 2138 426 2142 ——
443 2122 571 2157 contio,
595 2120 666 2151 eine
686 2120 877 2152 Versanun-

208 2164 304 2206 lung,
328 2164 381 2196 die
405 2164 494 2196 nicht
517 2166 638 2205 gerade
667 2165 875 2204 abstimmeu,

209 2210 352 2241 sondern
377 2220 438 2240 nur
461 2209 533 2241 cine
551 2209 801 2241 Manifestation
818 2220 875 2250 ge-

207 2254 268 2286 ben
287 2254 363 2286 soll.
383 2273 418 2277 —
443 2253 574 2286 defluet.
593 2274 614 2277 —
627 2265 754 2297 praes„
773 2265 799 2286 s.
820 2256 874 2294 34,

207 2299 266 2340 32,
294 2300 349 2341 10,
378 2299 423 2331 ist
447 2300 506 2331 das
531 2299 641 2331 Mitte!
665 2311 705 2331 zu
734 2300 873 2331 liberam

201 2345 378 2387 praeberi,
406 2345 471 2375 und
493 2344 632 2376 liberam
656 2345 741 2376 wird
772 2345 875 2376 nither

206 2389 375 2421 bestimmt
404 2390 506 2421 durch
529 2400 593 2422 ηοη
618 2392 711 2421 imm.
737 2388 872 2421 Laced:

206 2445 268 2465 nur
293 2435 373 2465 nach
390 2433 588 2476 Abffihrung
612 2436 671 2466 der
689 2435 873 2475 Besatzung

205 2479 319 2510 wiirde
340 2480 392 2511 die
408 2480 662 2521 Versammlung
685 2479 767 2519 frei,
791 2480 820 2510 d.
840 2481 872 2511 h.

206 2534 242 2554 so
272 2524 458 2556 heschall'en
488 2526 576 2566 sein,
610 2525 685 2556 dass
719 2525 768 2556 sie
801 2525 871 2556 sich

206 2568 288 2599 ohne
302 2568 537 2609 Einmisehung
550 2589 570 2592 —
583 2570 737 2602 erkliiren
754 2570 869 2600 kiinne.

958 1592 1018 1613 nen
1047 1582 1113 1613 und
1141 1582 1200 1613 der
1223 1581 1401 1612 Ausdruck
1426 1586 1530 1613 etwas
1553 1591 1624 1612 um-

957 1627 1132 1658 stiindlich.
1156 1644 1200 1649 —
1222 1625 1438 1668 Lacedaem,
1467 1626 1624 1658 Soldaten

956 1672 1036 1711 (wol
1055 1672 1212 1712 So‘ldner,
1232 1682 1257 1703 s.
1276 1672 1314 1703 34
1328 1695 1336 1711 ,
1354 1671 1394 1702 27
1407 1695 1415 1711 ,
1433 1672 1465 1711 5)
1484 1681 1543 1703 aus
1559 1670 1625 1704 La-
1686 1671 1698 1675 ”

956 1718 1038 1756 θεὼ,
1052 1717 1179 1748 welche
1194 1717 1381 1757 dieBiirger
1393 1716 1623 1748 iiberwachen.

955 1779 998 1785 —·
1019 1763 1092 1793 sine
1115 1763 1230 1802 avitu,
1254 1762 1322 1803 vgl.
1347 1761 1406 1801 33,
1429 1761 1489 1801 41,
1511 1762 1545 1801 13
1570 1761 1622 1803 37,

958 1807 1008 1848 19,
1029 1808 1063 1843 1;
1083 1806 1177 1837 Caes.
1194 1807 1230 1838 B.
1250 1805 1288 1838 G.
1311 1806 1340 1848 8,
1358 1806 1418 1845 44,
1440 1806 1472 1836 1:
1490 1808 1624 1837 exitum
1683 1785 1699 1840 ἶ

953 1852 1171 1883 consiliorum
1185 1862 1335 1889 suorum,
1355 1851 1437 1882 ohne
1452 1849 1621 1890 Resultat3

952 1897 1012 1928 der
1040 1896 1151 1928 Besitz
1179 1897 1295 1927 wurde
1328 1895 1393 1926 ihm
1421 1896 1533 1927 weder
1565 1907 1622 1926 zu-

952 1942 1036 1972 noch
1053 1941 1310 1982 abgesprochen.
1329 1958 1374 1963 ——
1390 1942 1425 1971 in
1442 1943 1547 1982 quatt.
1562 1951 1621 1982 m.‚

951 1986 984 2017 in
1003 1986 1114 2017 dieser
1132 1985 1209 2017 Zeit
1231 1985 1346 2026 glaubt
1367 1995 1440 2016 man
1463 1985 1535 2016 also
1557 1986 1619 2016 den

951 2029 1054 2071 Hrieg
1068 2030 1219 2062 mitPhil.
1230 2030 1409 2071 beendigen
1423 2041 1463 2061 zu
1477 2030 1616 2062 konnen.
1675 2029 1708 2042 “¹

996 2121 1084 2152 6-9.
1110 2122 1246 2163 etipse,
1272 2120 1355 2151 auch
1373 2120 1496 2159 selbst,
1519 2120 1554 2151 in
1571 2120 1619 2151 ei·

948 2176 1050 2207 gener
1079 2165 1220 2204 Pei-song
1254 2165 1305 2197 od.
1339 2164 1539 2205 gleichsalls.
1573 2183 1618 2188 —
1677 2170 1703 2206 xj:

947 2212 1112 2242 transiret
1130 2222 1159 2241 n.
1177 2210 1223 2242 ad
1236 2221 1272 2241 se
1290 2210 1369 2241 oder
1386 2210 1534 2251 absolut,
1553 2210 1616 2241 wie

949 2256 991 2287 im
1010 2256 1206 2287 Deutschen.
1226 2274 1267 2278 —
1284 2256 1471 2294 Acarnan„
1489 2255 1542 2293 315,
1563 2255 1614 2295 16,

948 2301 977 2331 2.
996 2320 1039 2324 —-
1055 2302 1096 2332 ab
1115 2302 1234 2343 Arg-is,
1252 2311 1311 2331 aus
1329 2300 1388 2331 der
1401 2297 1612 2338 Landschaft,

946 2346 1004 2377 ‹101-
1022 2345 1171 2387 segona,
1198 2346 1229 2376 in
1247 2346 1306 2376 der
1322 2345 1414 2376 nahe
1432 2344 1612 2383 uersauit,

946 2402 970 2421 u
980 2391 1008 2421 ie.
1023 2390 1042 2432 ξ
1057 2393 1075 2422 5
1093 2390 1118 2422 C
1119 2392 1300 2423 orintlzmn.
1314 2408 1358 2412 —
1372 2388 1516 2431 Sz'cyon.,
1531 2389 1613 2420 nach

946 2435 1063 2478 Polyb.
1085 2437 1143 2477 17,
1164 2436 1213 2466 10.
1238 2454 1282 2457 —-
1305 2437 1452 2474 veteres,
1476 2433 1611 2477 Polyb.:

944 2478 1009 2513 τὸν
1026 2477 1210 2513 κολοσσὸν
1234 2477 1346 2511 αὐτοῦ
1363 2477 1427 2510 τὸν
1450 2477 1611 2519 δεκάπη-

938 2536 1011 2567 χον
1029 2525 1188 2566 ἔστησαν
1202 2522 1300 2568 παρὰ
1319 2521 1383 2556 τὸν
1399 2520 1611 2556 Ἀπόλλωνα

944 2575 1006 2602 etc.
1025 2589 1068 2594 —
1085 2571 1236 2603 lionorib.
1249 2589 1271 2594 -
1283 2570 1410 2609 lzouor„
1429 2568 1460 2608 6,
1478 2569 1505 2610 1,
1525 2568 1553 2600 1.
1565 2584 1610 2591 -
1663 2583 1668 2588 ’
1686 2575 1699 2579 ”
