1715 2723
211 106 265 144 40
646 101 769 134 Lissssn
787 102 916 135 xxxi.
942 103 1033 136 cAP.
1053 103 1105 135 21.
1124 102 1177 134 22.
1466 117 1490 135 a.
1506 117 1534 137 n.
1548 109 1612 136 554.

144 213 182 246 15
212 206 354 245 milites
375 212 413 243 et
434 216 686 255 perrumpere
715 204 870 243 ordines
897 204 1016 244 iubet.
1058 209 1094 243 et
1117 215 1261 243 cornua
1288 203 1334 241 ab
1357 204 1551 255 equitibus
1572 209 1611 243 et

212 261 329 301 medii
346 274 366 300 a
382 261 510 312 pedite
526 260 638 311 pulsi.
671 273 714 299 ac
729 266 900 311 repente,
927 273 1016 300 cum
1032 261 1071 299 in
1088 259 1195 299 omni
1211 263 1318 309 parte
1335 260 1449 298 caede
1465 259 1610 309 ingenti

212 322 492 361 sternerentur,
510 316 603 355 Galli
619 321 723 367 terga
741 321 940 355 verterunt
960 318 1126 368 fugaque
1143 317 1262 354 effusa
1279 320 1460 366 repetunt
1475 320 1611 354 castra.

145 380 184 412 16
213 374 403 424 fugientes
425 377 646 423 persecutes
674 384 814 423 eques,
841 385 933 411 mox
959 378 997 412 et
1024 372 1191 423 legiones
1212 371 1407 410 insecutae
1428 371 1468 409 in
1489 375 1612 410 castra

144 435 181 467 17
213 429 404 480 impetum
425 429 613 467 fecerunt.
653 428 782 466 minus
808 441 874 467 sex
902 429 1006 468 milia
1033 428 1239 467 hominum
1267 427 1354 465 inde
1375 427 1610 478 effugerunt,

214 498 323 525 caesa
343 490 409 524 aut
430 490 537 535 capta
566 496 682 535 supra
703 484 874 535 quinque
904 490 942 523 et
963 484 1117 535 triginta
1135 484 1239 522 milia
1260 496 1346 522 eum
1370 483 1488 534 signis
1509 482 1613 522 mili-

213 541 358 580 taribus
374 540 627 592 septuaginta,
645 541 837 591 carpentis
853 541 1017 587 Gallicis,
1035 541 1156 579 multa
1172 540 1311 591 praeda
1329 539 1508 585 oneratis,
1525 539 1615 601 plus

144 603 183 636 18
212 597 401 637 ducentis.
442 596 634 635 Hamilcar
661 597 737 635 dux
763 597 916 636 Poenus
946 611 992 636 eo
1020 597 1166 647 proelio
1195 596 1334 635 cedidit
1364 601 1401 634 et
1427 599 1506 634 tres
1537 595 1612 633 im-

212 658 409 705 peratores
426 652 575 691 nobiles
586 652 795 691 Gallorum.
818 653 1028 692 Placentini
1046 652 1184 703 captivi
1200 652 1246 691 ad
1264 652 1340 690 duo
1359 651 1614 690 milialibero-

135 710 189 750 22
212 722 302 748 rum
320 709 489 760 capitum
506 709 645 747 redditi
661 708 819 748 colonis.
851 702 984 760 Magna
999 708 1156 748 victoria
1179 709 1353 759 laetaque
1367 708 1513 747 Romae
1526 706 1615 746 fuit.

164 773 184 805 2
212 765 347 804 litteris
375 765 510 803 adlatis
539 764 767 816 supplicatio
795 764 833 802 in
859 765 1031 804 triduum
1060 765 1210 804 decreta
1238 770 1306 803 est.
1347 764 1613 802 Romanorum

214 821 487 872 sociorumque
509 821 555 859 ad
577 821 653 859 duo
675 820 778 859 milia
795 834 840 859 eo
862 821 1008 872 proelio
1025 821 1259 866 ceciderunt,
1281 820 1437 871 plurimi
1459 819 1614 858 dextrae

165 884 184 916 3
213 877 306 923 alae,
328 877 368 915 in
389 889 505 928 quam
526 876 653 927 primo
675 877 823 927 impetu
844 877 899 915 vis
915 877 1086 915 hostium
1102 876 1237 927 ingens
1258 876 1360 915 illata
1375 880 1443 915 est.
1476 887 1616 927 quam-

214 945 332 984 quam
353 945 422 984 per
450 936 669 982 praetorem
697 944 817 982 prope
846 932 1078 971 debellatum
1106 937 1200 977 erat,
1231 932 1368 971 consul
1396 944 1550 982 quoque
1572 931 1613 969 C.

212 988 390 1027 Aurelius
406 987 598 1039 perfectis,
623 999 720 1038 quae
737 988 882 1026 Romae
900 988 1044 1038 agenda
1064 988 1231 1034 fuerant,
1253 987 1450 1038 profectus
1470 987 1510 1025 in
1527 986 1618 1026 Gal-

213 1045 304 1083 liam
324 1044 509 1083 victorem
533 1043 745 1082 exercitum
767 1057 788 1082 a
808 1048 985 1094 praetore
1007 1043 1167 1094 accepit.

165 1104 186 1136 4
327 1100 471 1138 Consul
491 1100 586 1138 alter
606 1111 695 1137 cum
715 1104 903 1138 autumno
929 1100 1052 1137 ferme
1079 1103 1210 1138 exacto
1231 1098 1271 1136 in
1291 1098 1529 1149 provinciam
1549 1110 1615 1136 ve-

166 1161 186 1193 5
214 1156 347 1201 nisset,
382 1155 480 1194 circa
507 1154 749 1206 Apolloniam
775 1155 1014 1193 hibernabat.
1062 1155 1107 1193 ab
1143 1155 1277 1200 classe,
1308 1166 1406 1204 quae
1430 1154 1617 1205 Corcyrae

215 1211 404 1251 subducta
423 1216 517 1256 erat,
541 1211 580 1249 C.
604 1210 781 1249 Claudius
801 1211 1056 1261 triremesque
1078 1211 1286 1256 Romanae,
1311 1209 1409 1249 sieut
1424 1214 1512 1248 ante
1534 1209 1618 1248 dic-

214 1272 299 1306 tum
323 1272 393 1313 est,
411 1267 578 1305 Athenas
605 1266 746 1305 missae
766 1279 855 1305 cum
872 1267 1049 1306 Piraeum
1070 1266 1347 1318 pervenissent,
1370 1265 1618 1317 desponden-

164 1332 186 1364 ’6
213 1323 316 1362 tibus
338 1323 413 1361 iam
434 1322 585 1361 animos
606 1323 719 1361 sociis
746 1335 856 1373 spem
884 1323 1078 1375 ingentem
1106 1322 1325 1361 attulerant.
1366 1333 1457 1360 nam
1478 1326 1617 1360 61161·-

952 1436 1064 1465 tamen
1084 1444 1111 1464 s.
1133 1433 1168 1472 1,
1187 1432 1245 1473 58,
1266 1432 1322 1472 103
1341 1432 1401 1472 26,
1420 1432 1480 1472 48,
1499 1432 1518 1463 5
1536 1445 1566 1465 u.
1584 1443 1617 1466 a.

952 1497 995 1501 —-
1016 1479 1214 1520 profectus,
1244 1477 1523 1509 wahrscheinlieh
1549 1477 1616 1509 wie

953 1523 1116 1565 Sulpicius
1155 1523 1198 1554 im
1231 1522 1457 1564 Sp‘zitherbste.
1492 1541 1533 1545 --
1566 1521 1611 1554 Im

951 1567 1044 1608 Folg.
1078 1568 1155 1609 geht
1188 1567 1225 1599 L.
1259 1565 1319 1598 auf
1346 1567 1408 1598 den
1446 1567 1613 1600 macedon.

951 1611 1071 1652 Krieg,
1091 1623 1120 1643 c.
1142 1612 1198 1652 18,
1216 1611 1252 1652 9,
1271 1612 1413 1651 zuriiek,
1430 1612 1495 1643 und
1512 1612 1617 1643 schil-

212 1434 344 1476 sertos,
378 1434 422 1465 im
454 1443 557 1474 engen
586 1432 767 1465 Anschluss
801 1444 880 1464 vor-

215 1479 352 1511 riicken.
371 1497 412 1501 —
430 1479 465 1509 in
483 1480 636 1521 omnip„
660 1478 727 1518 vgl.
748 1478 805 1519 39,
824 1478 877 1518 36,

217 1524 273 1555 14:
289 1524 347 1564 (in)
357 1523 425 1555 ulla
436 1525 546 1566 parte,
561 1523 626 1554 wie
636 1522 879 1554 auchbeitotus

214 1568 389 1600 bisweilen
407 1568 480 1599 sich
496 1570 528 1600 2¹71
544 1568 654 1607 findet,
673 1568 880 1608 gewishnlieh

215 1618 290 1653 sagt
308 1613 430 1654 jedoch
447 1612 484 1644 L.
510 1614 551 1644 ab
578 1615 646 1652 (ece)
670 1613 763 1643 omni
779 1615 879 1655 parte

214 1658 295 1690 oder
308 1669 371 1689 nur
385 1659 596 1699 omniparte,
615 1657 676 1688 wie
690 1656 711 1698 ξ
727 1657 766 1688 13
778 1659 878 1700 parte

213 1713 299 1741 una3
318 1702 438 1744 33,15‚
453 1703 489 1740 53
510 1702 676 1742 24,14,1,
693 1701 760 1742 vgl.
776 1704 805 1743 4,
825 1701 877 1743 28,

213 1747 245 1778 2.
264 1765 307 1770 —-
324 1749 492 1789 carpent.‚
517 1745 751 1789 asyndetisch,
778 1756 803 1777 s.
825 1746 877 1787 21,

213 1792 275 1832 28,
295 1792 332 1831 23
351 1789 433 1823 iiber
450 1792 501 1823 die
518 1794 680 1834 carpenta
698 1802 724 1822 s.
744 1790 805 1833 33,
824 1791 877 1831 23,

215 1837 254 1874 43
279 1836 337 1877 32,
355 1837 413 1875 30,
434 1836 484 1867 12.
510 1855 553 1858 —
573 1835 718 1878 praeda,
742 1836 878 1877 Dingen,

214 1881 267 1912 die
296 1880 345 1912 als
374 1880 476 1912 Beute
504 1880 620 1911 dienen
651 1881 805 1911 konnten.
835 1898 878 1903 —

213 1925 354 1965 Hamil.,
380 1925 523 1956 anderen
548 1924 768 1956 Naehriehten
794 1923 877 1965 folgt

213 1970 250 2001 l..
271 1970 329 2007 32,
348 1970 407 2009 30,
429 1970 486 2008 123
505 1969 564 2009 33,
583 1970 642 2009 23,
660 1970 689 2000 5.
708 1988 751 1993 —
769 1969 879 2001 dit-⁶15—

215 2017 388 2057 imperat.,
411 2014 464 2045 die
481 2014 606 2046 letztcn
625 2014 698 2045 sind
715 2014 806 2045 viell.
825 2024 879 2046 re—

215 2059 394 2100 gelm'zissig
417 2059 563 2099 gewilhlt
586 2060 649 2090 und
667 2059 802 2091 deshalb
820 2070 878 2090 an-

215 2105 292 2136 ders
306 2104 498 2135 bezeichnet
516 2104 566 2135 als
581 2104 641 2135 der
654 2103 775 2135 freinde
791 2104 877 2135 Fiih-

215 2159 290 2189 rer,
309 2150 345 2189 4,
364 2149 425 2188 20,
444 2149 480 2188 63
500 2148 559 2188 25,
580 2149 639 2187 37,
658 2149 693 2188 9,
713 2149 777 2189 vgl.
798 2149 876 2180 Tac.

215 2194 252 2225 H.
277 2195 314 2231 4,
340 2194 392 2224 73.
416 2212 459 2216 »—
484 2193 670 2224 Placentini
697 2193 876 2234 gesangene

215 2239 342 2279 Biirger
367 2249 430 2269 von
449 2237 635 2277 Placentia,
660 2249 684 2269 3.
713 2249 739 2269 c
766 2241 819 2278 10,
838 2238 875 2277 2,

215 2284 280 2324 vgl
303 2284 356 2323 53,
376 2282 662 2324 2·3,1,15,Lange
682 2283 804 2321 2,173.

262 2308 403 2359 22.1
413 2308 443 2359 3.
474 2327 538 2358 litt.
572 2339 600 2359 n
630 2328 804 2359 lam-enlm.
833 2346 876 2350 —

215 2373 270 2414 ign
272 2383 337 2403 ens
360 2372 420 2413 ist,
449 2372 489 2402 da
513 2374 571 2403 der
599 2382 676 2412 gros
681 2382 716 2403 sc
740 2372 877 2404 Verlust

216 2416 345 2448 erklart
362 2417 495 2448 werden
521 2416 602 2455 soll,
629 2418 717 2448 nicht
741 2417 876 2457 iniissig.

216 2478 256 2484 -
281 2472 344 2503 pei·
362 2472 417 2503 pr.
441 2472 511 2503 7112,
540 2462 621 2493 iiber
644 2462 704 2493 den
727 2462 878 2502 gleichen

215 2505 343 2538 Anlaut
361 2517 384 2537 s.
406 2506 464 2546 33,
485 2507 536 2548 λ12,
555 2506 585 2537 3.
606 2525 647 2529 -—
664 2507 781 2538 consul
795 2506 877 2537 ohne

952 1657 1025 1688 dert
1055 1656 1106 1687 bis
1136 1667 1164 1687 c.
1194 1657 1254 1695 47,
1284 1656 1302 1687 3
1335 1656 1614 1688 wahrscheinlich

951 1701 1050 1733 meist
1067 1701 1150 1732 nach
1167 1700 1346 1743 PolybiuS,
1363 1700 1416 1732 bei
1433 1701 1505 1732 dem
1522 1701 1612 1733 (11636

950 1745 1063 1778 Partie
1084 1746 1240 1777 vei-lorea
1270 1755 1438 1786 gegangen
1467 1745 1530 1786 ist,
1559 1746 1615 1778 die

951 1789 1378 1831 Hriegsunternehmungen
1391 1801 1421 1821 u.
1439 1790 1615 1822 Ver-hand-

951 1836 1070 1876 lungen
1089 1835 1133 1866 im
1146 1835 1284 1867 VVinter
1302 1836 1365 1866 554
1383 1835 1436 1865 bis
1454 1835 1517 1866 555
1536 1845 1566 1867 a.
1580 1846 1613 1867 u.

951 1881 994 1912 im
1022 1880 1182 1918 Herbste,
1214 1879 1273 1910 mit
1305 1880 1377 1911 dem
1405 1878 1523 1922 Polyb.
1554 1880 1614 1912 das

950 1925 1031 1957 Jahr
1047 1936 1087 1956 zu
1104 1925 1285 1956 schliessen
1303 1926 1412 1966 pilegt.

996 1965 1049 2002 2¹2
1061 1990 1072 2009 ‚
1090 1970 1137 2000 4-
1146 1969 1200 2000 23.
1225 1968 1535 2009 Unternehmungen
1553 1969 1614 2001 der

952 2015 1136 2047 1ὃω13611611
1154 2013 1511 2053 Flotte,s.Zona1.9,
1532 2014 1582 2045 15.

996 2060 1084 2091 4—5.
1109 2060 1221 2101 fenne
1238 2069 1305 2095 ean,
1322 2058 1379 2090 das
1394 2058 1488 2098 Folg.
1508 2058 1552 2090 ist
1569 2058 1612 2090 im

950 2104 1092 2136 Herbste
1110 2105 1173 2136 554
1193 2104 1273 2135 oder
1296 2103 1338 2134 im
1357 2103 1519 2143 Friihling
1537 2104 1613 2144 555,

950 2160 975 2181 s.
1005 2160 1032 2181 c.
1057 2148 1147 2190 44f.‚
1172 2148 1367 2189 geschehen.
1390 2166 1435 2170 -—
1456 2147 1612 2190 Apollon.

949 2213 971 2217 —
986 2193 1101 2233 subd,
1125 2204 1149 2225 s.
1178 2204 1204 2224 e.
1230 2194 1277 2224 18.
1299 2211 1338 2215 —
1356 2194 1562 2233 triremem„
1586 2202 1614 2224 3.

950 2250 976 2270 e.
1000 2240 1055 2278 14,
1075 2239 1110 2269 3:
1137 2239 1195 2270 mit
1212 2238 1273 2269 den
1291 2237 1476 2269 Triremen.
1495 2255 1537 2259 —
1555 2238 1613 2268 Pi-

950 2294 1084 2322 raeum,
1103 2293 1129 2314 s.
1149 2293 1176 2313 e.
1200 2283 1255 2322 1⁴,
1279 2283 1309 2312 ll
1326 2306 1334 2321 ,
1357 2281 1441 2312 wird
1458 2280 1532 2312 hier
1547 2281 1613 2312 und

951 2333 1044 2360 sonst
1063 2328 1109 2359 ol't
1133 2328 1182 2359 als
1202 2327 1391 2358 Stadtnaine
1415 2326 1611 2358 construit-t.

950 2391 993 2395 —
1010 2373 1165 2413 attalem,
1185 2383 1245 2403 vor
1262 2372 1321 2402 (161·
1338 2371 1429 2411 Zeit,
1446 2381 1511 2403 von
1528 2371 1611 2402 wel-

952 2418 1029 2448 chot-
1046 2417 1084 2448 L.
1099 2417 1185 2457 jetzt
1201 2416 1339 2458 spricht.

997 2462 1082 2493 6-7.
1109 2465 1142 2493 et
1160 2465 1241 2493 terr.
1260 2465 1337 2499 etc,
1353 2459 1390 2491 L.
1404 2460 1534 2491 scheint
1550 2468 1612 2490 nur

951 2506 1054 2538 haben
1079 2507 1253 2538 schreiben
1276 2505 1414 2536 wellen:
1444 2507 1477 2536 et
1500 2507 1612 2536 terre-
