1715 2723
79 116 104 135 a.
121 108 172 136 Ch.
192 108 250 135 18⁹.

493 108 617 140 LIBER
641 107 835 142 XXXVIII.
867 107 959 142 CAP.
985 109 1015 142 8.
1040 109 1069 141 9.

1417 106 1500 147 279

85 219 240 252 cturum
261 211 374 250 etiam
395 211 436 249 in
460 211 598 250 foedus
620 223 715 258 esse,
738 217 781 250 ut
801 211 959 250 eosdem
982 223 1082 262 quos
1108 211 1278 261 populus
1297 210 1498 249 Romanus

85 269 229 308 amicos
250 273 363 318 atque
394 267 514 306 hostis
544 267 719 306 habeant.
765 268 961 306 Adversus
981 280 1080 318 quae
1100 266 1222 318 legati,
1244 272 1281 305 et
1301 266 1390 317 quia
1410 277 1498 316 gra-
1519 267 1546 307 9

85 325 144 363 via
173 329 302 369 erant,
329 330 366 362 et
386 324 474 374 quia
496 336 659 362 suorum
680 324 829 362 animos
850 324 1061 362 indomitos
1082 336 1126 361 ac
1149 322 1351 362 mutabiles
1372 334 1497 360 nove·-

83 387 189 427 rant,
218 380 325 419 nullo
348 380 497 419 reddito
520 391 710 430 responso
733 380 893 418 domum
914 380 1080 430 regressi
1101 385 1202 426 suut,
1235 385 1277 418 ut
1301 379 1414 418 etiam
1440 383 1498 417 at-

84 450 161 488 que
181 437 305 483 etiam,
330 437 421 486 quid
443 436 635 487 agendum
658 442 768 483 esset,
790 449 831 474 re
853 436 1003 487 integra
1023 441 1243 486 praetorem
1259 440 1295 474 et
1304 434 1500 486 principes

86 494 346 532 consulerent.
391 493 557 531 clamore
580 498 616 530 et
634 491 760 541 iurgio
784 492 944 542 excepti,
966 504 1082 542 quam
1104 492 1169 530 diu
1189 504 1273 530 rem
1293 492 1501 538 traherent,
1520 496 1540 527 2

84 550 408 601 qualemcumque
439 560 572 599 pacem
599 550 746 586 referre
770 548 888 593 iussi,
917 560 1006 586 cum
1040 548 1212 586 redirent
1242 548 1500 593 Ambraciam,

85 608 334 645 Acarnanum
350 605 498 643 insidiis
515 616 638 655 prope
661 604 760 642 viam
782 604 917 653 positis
931 635 939 650 ,
966 616 1055 642 cum
1077 604 1218 655 quibus
1240 604 1386 642 bellum
1409 609 1501 650 erat,

84 662 337 701 circumventi
356 661 577 711 Thyrreum
601 660 843 698 custodiendi
866 660 1124 698 deducuntur.
1156 661 1250 698 haec
1272 672 1380 698 mora
1401 660 1500 698 inie-
1520 667 1540 699 3

84 725 142 758 cta
165 725 221 757 est
239 717 335 768 paci,
357 729 447 756 cum
468 717 544 755 iam
566 717 861 755 Atheniensium
877 717 1200 767 Rhodiorumque
1222 717 1344 767 legati,
1366 716 1432 766 qui
1453 716 1501 754 ad

84 774 373 826 deprecandum
393 785 464 824 pro
490 773 535 811 iis
558 780 754 820 venerant,
777 773 878 823 apud
901 773 1103 811 consulem
1127 778 1268 811 essent.
1298 773 1501 823 Amynan·
1521 775 1542 807 4

84 832 152 870 der
181 842 340 881 quoque
359 830 620 868 Athamanum
652 842 720 867 rex
753 829 827 869 fide
860 837 1013 880 accepta
1040 834 1198 868 venerat
1216 829 1256 867 in
1280 834 1403 867 castra
1419 829 1501 868 Ro-

86 899 218 933 mana,
250 886 369 938 magis
396 898 467 937 pro
488 886 691 925 Ambracia
718 886 825 933 urbe,
848 886 914 924 ubi
938 886 1125 924 maiorem
1146 891 1294 936 partem
1314 885 1502 935 temporis

84 944 312 990 exulaverat,
340 955 456 993 quam
482 955 554 993 pro
582 942 724 981 Aetolis
755 943 951 981 sollicitus.

1006 955 1076 993 per
1108 943 1180 980 hos
1209 942 1349 980 certior
1379 944 1502 980 sactus
1523 951 1541 982 5

84 1000 222 1039 consul
252 1000 298 1038 de
327 1012 416 1037 casu
443 999 658 1050 legatorum
678 999 817 1037 adduci
835 1012 901 1037 eos
925 1012 945 1038 a
968 999 1144 1050 Thyrreo
1167 999 1298 1045 iussit3
1331 1010 1503 1049 quorum

82 1063 172 1107 post
184 1056 392 1094 adventum
405 1056 463 1106 agi
478 1062 660 1106 coeptum
677 1061 734 1094 est
750 1056 797 1094 de
812 1068 917 1106 pace.
948 1055 1210 1106 Amynander,
1226 1055 1331 1105 quod
1347 1055 1407 1093 sui
1417 1067 1502 1093 ma—
1521 1061 1542 1093 6

82 1113 183 1151 xime
206 1112 333 1163 operis
357 1119 448 1158 erat,
470 1112 635 1162 impigre
658 1112 801 1162 agebat,
825 1119 867 1150 ut
880 1112 1175 1150 Ambracienses
1191 1112 1440 1162 compelleret
1453 1110 1500 1149 ad

82 1169 329 1208 deditionem.
349 1169 386 1206 id
403 1180 493 1206 cum
508 1180 577 1218 per
587 1169 778 1219 colloquia
790 1168 1012 1218 principum
1030 1168 1242 1206 succedens
1257 1180 1418 1206 murum
1430 1179 1501 1218 pa-
1521 1176 1540 1207 7

82 1238 172 1264 rum
195 1226 412 1276 proliceret,
431 1232 631 1275 postremo
653 1226 823 1263 consulis
840 1225 1034 1275 permissu
1046 1225 1247 1275 ingressus
1261 1224 1398 1262 urbem
1410 1236 1501 1275 par-

78 1353 168 1380 retur
198 1364 243 1370 -—
276 1349 385 1378 vellem
417 1360 461 1372 =
495 1349 525 1377 si
558 1349 652 1378 vultis
677 1347 756 1378 oder

79 1395 243 1425 volueritis
269 1410 310 1413 —
340 1395 419 1433 date,
444 1403 467 1423 s.
499 1393 530 1431 2,
561 1393 611 1431 15,
637 1393 666 1424 4.

128 1435 164 1474 9.
193 1439 288 1471 1-2.
318 1439 472 1477 ιἠιῖοῃιίῐ.,
498 1447 524 1468 c.
554 1438 604 1474 12,
633 1439 650 1469 3
662 1439 753 1477 327,

81 1484 136 1523 30,
166 1485 195 1516 5.
220 1501 261 1506 -—
287 1485 439 1522 mzctabd„
468 1483 533 1522 vgl.
560 1484 613 1523 36,
633 1452 694 1523 279,
726 1484 752 1515 1.

81 1546 123 1551 ·»-
149 1532 243 1561 etiam
268 1541 297 1562 a.
323 1540 359 1568 e.,
386 1530 441 1568 22,
473 1529 523 1567 13,
552 1530 592 1565 4;
617 1530 672 1568 41,
702 1530 754 1567 19,

81 1576 111 1607 6:
140 1592 184 1596 —
207 1586 242 1607 re
262 1577 394 1615 2'meyra,
421 1574 462 1605 da
489 1573 535 1604 sie
562 1573 669 1605 nichts
696 1583 755 1614 ge-

79 1624 278 1660 antwortet,
322 1619 373 1651 die
414 1619 520 1650 Sache
560 1619 754 1659 unberiihrt⁷

79 1665 337 1697 unentschiedeu
370 1665 519 1705 gelassen
553 1665 679 1696 hatten.
712 1682 756 1686 ——

72 1713 228 1751 princip„
254 1711 321 1741 wol
346 1711 397 1742 die
423 1710 621 1752 Apokleten,
657 1710 755 1741 deren

80 1756 169 1788 Rath
195 1756 242 1788 sie
266 1756 419 1788 einholeu
445 1755 577 1792 vollen,
612 1766 636 1787 s.
670 1766 696 1786 c.
723 1757 754 1793 S,

84 1801 153 1841 11.,
179 1802 258 1833 iiber
282 1805 479 1834 consulerem
505 1803 533 1840 1,
554 1802 607 1837 32,
637 1803 686 1834 10.
713 1819 756 1822 ——

81 1850 163 1890 iury.
189 1859 250 1880 exc.
274 1863 313 1873 z
339 1849 530 1887 reprehensi,
564 1849 617 1886 30,
648 1848 698 1885 14,
726 1848 756 1879 3.

83 1911 125 1915 ———
159 1895 312 1934 quamdiu
344 1893 398 1933 ist,
428 1902 521 1924 wenn
557 1902 591 1923 es
617 1891 667 1923 die
695 1891 756 1923 Mz.

80 1938 135 1970 Hs.
170 1938 236 1981 (die
270 1938 404 1979 iibrigen
440 1938 544 1969 haben
577 1940 661 1978 quod
683 1940 757 1977 diu3

81 1983 170 2015 viell.
194 1987 280 2024 quod
302 1991 363 2016 tam
398 1987 464 2016 defu.
502 1983 654 2021 dariiber,
681 1983 756 2014 dass

81 2028 150 2068 sie),
194 2029 316 2070 richtig
360 2027 556 2060 iiberliefert
595 2030 664 2067 hat,
707 2029 757 2059 als

81 2073 189 2115 Frage
223 2075 278 2106 des
314 2073 493 2106 Unwilleus
528 2085 567 2105 zu
607 2074 756 2113 nehmen,

83 2119 150 2160 vgl.
175 2118 240 2150 Cic.
265 2119 334 2151 Att.
361 2123 391 2157 3,
424 2122 476 2162 13
511 2123 547 2151 2.
581 2131 629 2151 me
665 2131 757 2152 accu-

80 2175 142 2202 εαε,
176 2176 232 2196 cur
268 2181 310 2186 -—
335 2166 446 2205 feram
480 2176 509 2196 u.
543 2165 572 2195 ³i.
610 2183 655 2187 —-
689 2176 758 2196 cum

82 2212 195 2250 quibus
215 2210 356 2241 braucht
376 2210 423 2251 L.,
450 2210 542 2241 nicht
560 2213 754 2250 quibuscum,

83 2253 121 2286 li.
146 2257 203 2295 193
229 2265 288 2286 zur
312 2255 417 2287 Saehe
443 2266 469 2287 e.
496 2259 526 2295 5,
553 2258 591 2291 o,
617 2258 671 2295 26,
699 2258 753 2295 25,

84 2302 142 2339 10,
175 2301 250 2331 dass
281 2300 332 2332 die
363 2302 562 2332 Akarnaueu
603 2300 663 2332 auf
696 2302 755 2333 der

79 2345 169 2377 Seite
195 2346 253 2377 der
279 2346 398 2378 Riimer
422 2348 547 2385 stehen,
575 2346 664 2387 zeigt
699 2348 753 2386 36,

82 2392 134 2430 12,
159 2390 213 2424 of.
250 2391 315 2423 Der
339 2392 418 2423 Satz
442 2392 487 2423 ist
511 2402 547 2423 so
575 2392 753 2424 auffallend

80 2436 217 2477 gestellt
242 2437 306 2468 wie
332 2447 359 2469 c.
386 2439 439 2478 33,
473 2439 530 2477 113
561 2439 614 2478 35,
640 2439 694 2477 47,
721 2440 751 2479 7,

78 2482 145 2513 und
169 2482 282 2514 wiirde
308 2482 400 2514 nicht
424 2483 578 2515 vermisst
600 2483 752 2527 werdenJ

79 2527 163 2559 auch
187 2527 286 2559 sollte
310 2538 383 2559 man
411 2528 443 2559 in
470 2529 654 2560 demselhen
681 2529 753 2561 eine

824 1345 1024 1387 Andeutung
1056 1347 1114 1378 der
1151 1346 1289 1378 Aetoler
1326 1349 1502 1378 erwarten.

824 1410 867 1414 ·—
892 1394 1024 1433 Thyrr„
1051 1393 1105 1431 36,
1136 1393 1185 1425 11.

871 1484 969 1515 3-7.
989 1494 1070 1522 cum,
1092 1483 1251 1514 vstitu-end
1270 1482 1320 1513 od.
1339 1481 1501 1523 obgleich.

825 1546 867 1550 —
893 1530 1010 1561 Athen.
1036 1531 1110 1566 Rlc„
1137 1539 1164 1559 c.
1198 1530 1229 1564 3
1265 1531 1294 1561 7
1326 1546 1368 1550 -—
1395 1529 1503 1568 Amy-

823 1576 932 1614 nand,
962 1584 998 1605 er
1023 1573 1066 1605 ist
1099 1574 1267 1615 geiiohtet,
1301 1584 1328 1605 s
1363 1574 1417 1612 36,
1448 1574 1504 1613 28,

825 1621 855 1659 3,
888 1619 952 1650 und
994 1618 1114 1650 bedarf
1144 1620 1248 1651 daher
1284 1619 1342 1650 das
1374 1618 1503 1650 sichere

825 1664 947 1704 Geleit,
983 1675 1009 1695 c.
1047 1666 1077 1704 3,
1115 1666 1154 1705 23
1188 1664 1258 1696 Pol.
1297 1675 1324 1695 c.
1351 1666 1411 1697 29:
1437 1663 1503 1697 δο-

825 1713 951 1762 θεῖσης
976 1708 1073 1742 αἰτῶ
1098 1723 1119 1742 α
1110 1706 1306 1763 ’σᾳαλείας
1327 1706 1400 1743 ὑπὸ
1437 1709 1504 1742 τοῦ

825 1751 985 1801 ΛΙαρκοι
1015 1754 1077 1787 δια
1111 1753 1176 1789 τὸν
1201 1752 1342 1802 καιρόν.
1371 1773 1416 1777 -
1436 1765 1501 1795 pro

826 1819 868 1823 ——-
897 1803 1005 1837 sollic„
1031 1811 1056 1832 s.
1083 1802 1136 1840 27,
1164 1803 1217 1837 30
1245 1804 1282 1839 53
1311 1812 1350 1832 zu
1387 1802 1440 1840 21,
1467 1802 1499 1840 9,

825 1849 856 1879 4.
880 1866 922 1869 —
952 1849 1069 1878 adduci
1096 1865 1140 1869 ——
1163 1849 1297 1887 advent„
1334 1845 1452 1897 Polyb.
1478 1845 1502 1877 1.

826 1892 865 1923 l.:
897 1904 986 1933 ηκοι
1019 1904 1120 1945 παρα
1162 1894 1234 1925 τῶν
1273 1888 1504 1936 Ἀκαρνάνων

825 1948 893 1991 μετ
932 1935 1061 1979 ὀλίγας
1078 1935 1145 1982 ήιι
1150 1951 1214 1983 ρας
1239 1934 1288 1981 α’)
1290 1949 1369 1970 oms
1374 1950 1390 1974 ς
1410 1948 1505 1974 τινες

826 1981 909 2020 τοίς
943 1983 1028 2027 περὶ
1062 1969 1270 2028 Aapcora‘..)17
1296 2002 1339 2006 ——
1363 1985 1416 2015 sui
1440 1994 1502 2023 op„

828 2030 881 2068 36,
909 2030 961 2068 34,
1002 2031 1038 2068 4,
1073 2031 1126 2069 34,
1161 2031 1214 2069 58,
1253 2031 1302 2062 11.
1330 2030 1502 2059 -zd--

820 2077 947 2115 poofie„
974 2073 1040 2105 Cic.
1066 2074 1135 2106 Att.
1162 2077 1193 2115 7,
1230 2076 1282 2113 13,
1322 2077 1355 2108 1:
1381 2085 1449 2115 qm,
1468 2079 1504 2105 ut

827 2122 918 2152 aliud
957 2122 1056 2161 nihil,
1098 2122 1154 2152 hoc
1200 2127 1304 2153 tamen
1344 2120 1505 2160 profecit:

828 2167 911 2198 dedit
935 2167 986 2197 illi
1007 2168 1162 2209 dolorem,
1188 2176 1228 2197 an
1254 2177 1283 2198 u.
1302 2165 1350 2197 St.
1382 2164 1425 2196 ist
1445 2165 1503 2196 das

829 2211 929 2242 durch
955 2213 990 2242 z‘d
1012 2211 1240 2252 Angedeutete
1266 2211 1299 2242 in
1325 2217 1359 2243 ut
1384 2228 1427 2232 -—-
1451 2212 1503 2242 de·

822 2259 973 2289 ditionem
993 2256 1116 2289 bereits
1138 2256 1311 2288 enthalten
1331 2256 1397 2288 und
1416 2255 1502 2287 wird

821 2302 854 2333 111
879 2302 1020 2333 anderer
1053 2302 1078 2334 F
1083 2313 1150 2333 orm
1185 2302 1218 2333 in
1250 2304 1351 2341 evicit,
1377 2308 1412 2333 ut
1435 2305 1500 2333 etc.

821 2347 1042 2389 wiederholt,
1076 2358 1109 2379 es
1143 2348 1225 2379 wird
1265 2351 1300 2380 in
1332 2350 1367 2379 id
1398 2347 1447 2377 od.
1475 2353 1503 2379 et

821 2392 874 2425 fiir
899 2396 933 2425 id
959 2394 1156 2425 vermuthet.
1183 2412 1220 2415 -Δ
1259 2395 1377 2425 saccea.
1402 2403 1496 2432 mur„

821 2438 892 2470 sich
918 2439 1054 2479 nahem,
1079 2450 1104 2470 s.
1133 2441 1188 2479 31,
1214 2441 1269 2480 45,
1298 2441 1337 2478 53
1362 2439 1416 2479 22,
1442 2439 1501 2480 28,

826 2486 884 2524 12;
916 2495 976 2516 zur
1008 2484 1174 2516 Situation
1206 2486 1259 2523 36,
1294 2485 1348 2525 34,
1389 2486 1421 2517 4.
1459 2501 1501 2505 -—

817 2537 984 2569 postremo,
1012 2530 1158 2570 zeitlich,
1183 2529 1334 2571 ohgleich
1359 2541 1429 2562 cum
1459 2546 1504 2551 —
