1715 2723
222 117 278 159 20
663 115 788 147 LIBER
812 115 959 148 XXXV.
984 114 1076 150 CAP.
1105 117 1156 149 12.

185 223 204 254 8
224 220 519 271 Peloponneso;
541 229 758 268 numquam
783 216 1008 256 habiturum
1028 217 1270 267 reciperandi
1293 229 1361 255 sua
1382 217 1638 264 occasionem,

224 277 255 315 si
286 289 380 321 eam,
408 287 504 325 quae
532 280 616 312 tum
643 278 754 319 esset,
781 273 1119 324 p1·aetermisisset;
1154 274 1212 322 [et]
1242 274 1392 311 nullum
1423 269 1637 312 exercitum

224 334 446 371 Romanum
470 331 510 368 in
537 330 693 369 Graecia
717 342 812 376 esse,
835 342 906 368 nec
928 330 1110 379 [propter]
1128 329 1322 380 Gytheum
1338 335 1403 368 aut
1424 329 1636 368 maritimos

224 389 316 427 alios
338 388 511 425 Laconas
535 387 688 436 dignam
713 398 867 424 causam
888 386 1172 424 existimaturos
1191 386 1401 432 Romanos,
1426 398 1495 424 cur
1513 386 1636 436 legio-

186 450 205 481 9
229 456 297 482 nes
328 455 465 481 rursus
492 443 532 480 in
562 442 758 481 Graeciam
786 443 1054 480 transmittant.
1097 442 1190 480 haec
1217 441 1263 480 ad
1288 441 1527 480 incitandum
1553 442 1638 479 ani—

225 512 334 538 mum
360 499 514 551 tyranni
536 499 773 544 dicebantur,
804 503 857 545 ut,
888 511 976 536 cum
1002 498 1217 537 Antiochus
1240 498 1279 535 in
1303 498 1499 536 Graeciam
1522 498 1639 536 traie-

226 557 349 601 cisset,
382 555 614 594 conscientia
638 555 796 593 violatae
817 567 886 605 per
914 555 1110 593 sociorum
1133 554 1292 592 iniurias
1314 555 1510 592 Romanae
1537 554 1637 591 ami-

168 622 205 653 11)
226 613 332 651 citiae
356 613 608 662 coniungeret
628 624 668 649 se
692 623 781 649 cum
803 611 1005 649 Antiocho.
1034 616 1069 649 et
1090 610 1314 661 Philippum
1331 609 1522 647 Nicander
1538 610 1641 648 haud

226 669 400 707 dissimili
429 669 601 706 oratione
631 667 831 713 incitabat&
863 674 943 706 erat
968 667 1078 705 etiam
1108 667 1230 705 maior
1262 666 1446 704 orationis
1470 665 1638 712 materia,

226 738 303 776 quo
329 738 374 763 ex
398 725 529 763 altiore
550 725 698 775 fastigio
720 736 787 761 rex
809 736 925 774 quam
949 729 1138 774 tyrannus
1162 723 1353 761 detractus
1369 727 1458 768 erat,
1480 734 1639 773 quoque

167 791 205 822 11
230 782 362 832 plures
393 782 591 830 ademptae
622 793 695 818 res.
745 781 789 818 ad
820 781 895 818 hoc
926 785 1073 817 vetusta
1101 792 1237 830 regum
1266 779 1510 817 Macedoniae
1539 780 1641 816 fama

225 844 528 888 peragratusque
551 837 656 874 orbis
680 842 870 874 terrarum
889 836 1059 874 victoriis
1082 836 1163 873 eius
1185 835 1306 885 gentis
1322 835 1572 873 referebatur.
1605 839 1642 873 et

169 904 206 935 12
226 900 353 932 tutum
374 894 434 931 vel
454 894 607 942 incepto
633 893 692 930 vel
715 897 855 930 eventu
869 904 909 929 se
927 892 1132 929 consilinm
1147 892 1320 929 adferre:
1342 903 1430 928 nam
1446 903 1584 940 neque,
1599 896 1642 928 ut

225 956 312 988 ante
336 962 376 988 se
403 956 555 987 moveat
574 948 788 997 Philippus,
819 960 936 998 quam
959 947 1170 985 Antiochus
1195 959 1283 984 cum
1307 947 1477 984 exercitu
1498 946 1641 984 transi-

166 1013 205 1045 13
224 1006 310 1044 ierit
330 1006 369 1043 in
382 1005 591 1050 Graeciam,
615 1004 789 1050 suadere,
812 1009 857 1050 et,
881 1004 947 1053 qui
972 1004 1053 1041 sine
1074 1003 1264 1041 Antiocho
1287 1002 1470 1040 adversus
1494 1001 1640 1041 Roma-

224 1074 297 1100 nos
318 1061 553 1112 Aetolosque
577 1066 651 1099 tam
672 1060 738 1097 diu
761 1059 986 1098 sustinuerit
1007 1059 1163 1105 bellum,
1186 1059 1219 1097 ei
1241 1059 1420 1097 adiuncto
1437 1059 1642 1105 Antiocho,

224 1231 263 1251 zu
291 1222 367 1259 suis,
394 1219 458 1250 wie
484 1219 538 1254 22,
571 1219 625 1253 35,
652 1218 688 1249 3:
713 1227 770 1247 sua
789 1226 898 1254 prope,

223 1265 362 1296 sondern
406 1275 446 1295 zu
494 1265 565 1295 dem
612 1271 737 1302 ganzen
778 1261 903 1301 Begriff

225 1313 347 1350 molus„
367 1313 434 1341 suis
451 1320 548 1347 moen,
575 1318 598 1338 5.
626 1309 678 1342 27,
711 1309 761 1344 18,
788 1310 825 1347 33
845 1308 898 1345 29,

225 1357 278 1395 35,
306 1358 334 1388 7.
361 1373 394 1377 -
431 1366 526 1386 occas.
545 1357 618 1387 etc„
645 1353 698 1389 38,
725 1353 779 1391 33,
805 1353 834 1383 9.
857 1369 899 1373 —

224 1407 251 1433 et
284 1401 327 1431 ist
359 1400 427 1431 wol
461 1409 518 1430 aus
536 1400 800 1437 practermz‘sz‘ssct
826 1401 899 1428 ent-

225 1447 375 1481 standen,
402 1446 442 1476 da
467 1454 501 1476 es
528 1444 640 1474 weder
673 1443 810 1484 passeud
839 1452 899 1472 au—

225 1490 352 1533 kniipft,
378 1491 459 1521 noch
488 1488 548 1520 auf
568 1499 622 1520 neo
645 1488 790 1529 bezogen
814 1497 897 1518 wer-

226 1537 288 1568 den
322 1537 420 1575 kann,
454 1535 532 1566 weil
563 1540 590 1566 ct
624 1536 730 1564 mellus
758 1551 797 1555 —-
833 1544 896 1569 ozee,

225 1592 321 1614 wenn
347 1582 430 1612 auch
454 1591 509 1612 neo
525 1583 609 1612 ullus
630 1597 672 1601 —
690 1590 755 1618 uec,
785 1581 816 1618 4,
844 1580 896 1612 38,

227 1629 265 1668 33
299 1638 397 1667 neque
430 1644 471 1649 -
506 1633 534 1658 ct
572 1627 655 1656 nihil
684 1636 712 1655 u.
748 1624 777 1655 ’11.
819 1634 898 1654 vor—

227 1673 358 1707 kommt,
383 1671 453 1702 sich
470 1671 561 1702 nicht
583 1670 683 1701 leicht
704 1670 815 1705 findet,
835 1669 898 1699 und

231 1717 261 1749 L.
288 1717 355 1748 wol
378 1728 476 1757 neque
500 1719 667 1748 exercitum
685 1713 899 1755 geschrieben

225 1763 330 1794 haben
356 1763 480 1795 wiirde.
518 1761 578 1793 Die
596 1760 699 1792 Stelle
726 1761 784 1791 hat
802 1760 900 1790 iiber-

225 1809 329 1849 haupt
375 1807 531 1848 gelitten,
572 1807 612 1837 (111
657 1806 740 1836 auch
766 1811 901 1845 propter

227 1853 296 1885 sich
322 1853 412 1883 nicht
446 1852 599 1884 erkliiren
632 1851 725 1893 111551,
758 1851 822 1882 und
848 1850 899 1881 die

230 1899 273 1931 W
277 1898 491 1938 iederholung
511 1900 688 1930 Romanum
715 1914 752 1919 -·-
781 1899 899 1928 Roma-

228 1955 285 1975 nos
316 1943 388 1975 eine
427 1943 547 1974 andere
580 1942 678 1973 Form
719 1942 776 1973 der
812 1940 899 1972 Rode

229 1990 434 2020 anzudeuten
463 1988 601 2020 scheint.
633 2005 677 2009 ——
703 1990 809 2018 marit.
845 1989 897 2023 al,

230 2034 282 2065 die
312 2034 344 2064 in
381 2034 523 2065 anderen
555 2032 762 2072 Seest'adten,
799 2032 899 2063 durch

229 2079 328 2111 deren
365 2078 540 2119 Trennung
576 2078 693 2119 Sparta
736 2088 799 2108 von
843 2078 900 2108 der

229 2124 289 2156 See
320 2123 570 2164 abgeschnitten
595 2124 659 2154 und
686 2123 899 2163 geschwiicht

228 2180 310 2209 war,
337 2171 390 2209 38,
418 2170 470 2209 30,
499 2171 528 2207 7,
554 2169 756 2200 wohnenden
794 2168 899 2199 Laco-

228 2224 300 2253 nen,
327 2213 348 2255 §
374 2217 402 2247 7.
424 2232 465 2235 —
486 2217 659 2252 com-cient„
681 2224 704 2244 5.
724 2215 777 2252 21,
796 2215 850 2251 63,
872 2215 900 2246 7.

277 2261 418 2292 10-14.
456 2266 483 2291 et
519 2257 591 2299 fiigt
625 2269 684 2289 nur
717 2258 774 2289 das
807 2268 899 2297 116116,

228 2304 355 2346 gleiche
388 2303 598 2336 Verhiiltniss
632 2314 683 2334 an.
721 2322 761 2325 ——
796 2307 899 2341 ctiam,

228 2351 323 2389 noch,
363 2349 509 2381 daneben
545 2349 668 2380 konnte
704 2359 736 2380 eo
776 2358 829 2379 um
865 2358 900 2379 so

229 2395 370 2426 leichter
387 2394 507 2433 sehlen,
526 2405 550 2425 5.
569 2396 622 2433 36,
645 2395 697 2432 33,
728 2395 768 2434 33
789 2395 819 2430 2,
846 2395 900 2433 45,

230 2441 268 2482 9;
304 2442 358 2479 27,
400 2442 454 2478 41,
486 2441 525 2481 63
552 2438 595 2470 im
625 2437 717 2478 Folg.
750 2437 904 2469 schliesst

231 2485 300 2516 sich
317 2485 390 2517 eine
415 2485 567 2527 doppelte
587 2483 833 2524 Vergleichung
850 2493 901 2523 an,

230 2529 295 2561 wie
329 2532 359 2570 4,
393 2530 424 2570 9,
467 2532 505 2573 33
540 2530 580 2561 ib.
617 2531 670 2569 23,
706 2530 735 2562 6.
764 2545 809 2551 -
834 2539 902 2560 ora-

967 1217 1073 1255 tionis,
1099 1215 1156 1246 das
1172 1215 1367 1255 vorhergeh.
1386 1217 1524 1247 oratione
1541 1213 1643 1254 zeigt,

969 1261 1043 1291 dass
1074 1270 1138 1291 von
1175 1259 1266 1291 611161·
1299 1261 1398 1291 5611011
1432 1259 1641 1300 gehaltenen,

968 1305 1061 1336 nicht
1089 1305 1179 1337 einer
1206 1309 1275 1336 erst
1299 1306 1382 1336 noch
1417 1304 1644 1345 beabsichtig-

969 1355 1025 1382 ten
1040 1350 1130 1382 Rede
1148 1352 1308 1388 (oracioni)
1327 1351 1528 1392 gesprochen
1546 1348 1642 1389 wird,

970 1396 1036 1436 vgl.
1066 1398 1093 1432 1,
1123 1397 1176 1435 39,
1205 1398 1242 1428 3:
1266 1398 1429 1427 materiam
1447 1398 1582 1436 inqentz's
1599 1411 1644 1418 —·

970 1444 1088 1473 decoris
1121 1443 1319 1481 wutrz’amm3
1360 1443 1413 1479 35,
1456 1442 1506 1479 19,
1541 1443 1578 1479 53
1612 1442 1642 1479 3,

968 1488 1022 1523 31,
1062 1489 1099 1519 4:
1134 1490 1297 1518 materiam
1329 1488 1524 1518 criminandi
1550 1496 1646 1525 prae-

968 1534 1050 1568 buz't;
1085 1533 1114 1571 S,
1153 1533 1202 1571 13,
1243 1533 1303 1574 163
1338 1534 1391 1571 45,
1430 1533 1480 1570 12,
1510 1532 1547 1563 9:
1574 1542 1645 1561 ma-

968 1579 1078 1609 teriam
1103 1588 1152 1608 res
1174 1579 1307 1617 yermzdi
1328 1588 1392 1607 non
1422 1578 1548 1616 habult,
1582 1576 1644 1607 den

969 1622 1068 1653 Dativ
1093 1632 1118 1653 S.
1152 1624 1180 1657 1,
1208 1623 1262 1659 23,
1292 1624 1349 1657 10;
1376 1624 1406 1661 3,
1430 1623 1479 1657 11,
1513 1623 1568 1663 103
1589 1622 1645 1660 26,

972 1669 1024 1705 35,
1051 1669 1081 1699 4.
1102 1684 1145 1689 -
1164 1678 1225 1707 quo
1244 1678 1292 1706 ex,
1318 1666 1422 1698 seiten
1441 1666 1526 1697 wird
1550 1677 1588 1697 ex
1609 1676 1646 1697 so

971 1713 1195 1752 nachgesetzt.
1226 1715 1361 1751 detraes„
1382 1713 1435 1751 37,
1455 1714 1509 1751 45,
1533 1713 1581 1745 18.
1603 1728 1646 1733 -

970 1764 1099 1796 vetusta,
1121 1759 1175 1797 31,
1205 1760 1233 1797 1,
1261 1760 1289 1790 7.
1321 1775 1353 1779 -
1384 1761 1503 1796 victor„
1531 1757 1645 1796 durch,

969 1807 1066 1834 uuter
1087 1802 1221 1844 Siegen3
1246 1804 1299 1843 30,
1320 1805 1371 1842 17,
1394 1805 1431 1836 4:
1457 1804 1646 1834 Numidiam

969 1852 1093 1890 esJreyz‘a
1124 1852 1255 1880 victoria
1283 1855 1511 1890 peraqracam3
1554 1847 1646 1878 Curt.

971 1896 1001 1933 3,
1040 1896 1089 1933 12,
1129 1896 1157 1931 (5,
1194 1893 1259 1934 vgl.
1295 1893 1330 1924 L.
1370 1895 1400 1932 7,
1435 1895 1488 1932 20,
1515 1894 1552 1925 9:
1577 1903 1646 1924 cum

962 1941 1169 1978 populatione
1188 1941 1356 1979 perafflati
1369 1942 1466 1979 fines,
1496 1938 1564 1978 vgl.
1590 1939 1645 1977 21,

970 1987 1023 2023 43,
1053 1986 1102 2017 13.
1131 2003 1173 2006 —
1202 1991 1230 2015 et
1254 1990 1310 2016 tut.
1339 1988 1401 2015 etc.
1427 1984 1550 2014 konnte
1575 1982 1646 2014 sich

968 2030 1071 2061 leicht
1110 2029 1159 2061 als
1193 2033 1275 2061 orat.
1306 2029 1368 2060 obl.
1402 2039 1443 2060 an
1467 2030 1648 2069 resereban-

969 2082 1021 2107 tur
1048 2074 1282 2114 anschiiessen,
1309 2076 1362 2111 31,
1391 2076 1444 2114 30,
1473 2075 1509 2106 2:
1537 2084 1646 2114 neque.

970 2139 1013 2143 ——
1038 2124 1085 2153 rel
1109 2138 1152 2143 —
1176 2123 1233 2160 vel,
1267 2130 1293 2151 6.
1324 2121 1376 2158 26,
1411 2122 1450 2160 33
1487 2121 1515 2157 1,
1553 2121 1581 2157 l,
1608 2120 1644 2158 83

970 2166 1021 2197 die
1056 2165 1161 2197 wahl
1196 2165 1279 2196 wird
1314 2164 1526 2205 freigestellt,
1554 2163 1646 2194 nicht

971 2212 1028 2242 (1115
1054 2210 1134 2242 Eine
1168 2210 1451 2251 ausgeschlossen.
1482 2227 1524 2231 —
1548 2219 1648 2249 neque

969 2274 1013 2279 ——
1045 2263 1081 2295 et,
1118 2256 1312 2297 umgekehrt
1348 2254 1369 2296 ξ
1406 2256 1512 2287 2-3:
1547 2265 1649 2294 neque

970 2306 1030 2334 etc.
1065 2302 1144 2341 geht
1177 2300 1236 2332 auf
1263 2305 1393 2340 incepw,
1435 2307 1462 2332 et
1494 2303 1555 2331 etc.
1589 2297 1649 2330 auf

970 2353 1098 2388 eventu,
1129 2347 1186 2378 der
1219 2346 1336 2378 zweite
1370 2345 1448 2377 Satz
1479 2344 1524 2376 ist
1555 2343 1646 2375 56111-

971 2391 1114 2432 stiindig,
1161 2391 1252 2422 nicht
1289 2401 1351 2422 von
1390 2390 1493 2422 einem
1532 2389 1647 2428 Verb„

972 2437 1036 2468 wie
1054 2438 1112 2468 der
1132 2437 1325 2476 vorhergeh.
1343 2446 1405 2467 von
1418 2437 1560 2474 suadere,
1583 2434 1644 2465 ab—

972 2482 1105 2522 hiingig.
1131 2500 1172 2504 —
1202 2485 1361 2519 adversus,
1399 2480 1496 2512 ihnen
1521 2488 1644 2520 565611-

972 2528 1062 2567 iiber,
1089 2527 1132 2558 im
1158 2525 1295 2568 Rampfe
1321 2525 1379 2557 mit
1404 2526 1513 2566 ihnen,
1542 2525 1644 2555 nach-

1493 122 1518 140 a.
1534 122 1561 140 u.
1579 114 1642 141 561,
