1715 2723
101 126 128 145 a.
150 118 198 144 ch.
222 118 280 145 193.

565 117 688 150 LIBER
706 117 853 150 xxxv.
880 116 972 151 CAP.
1004 119 1053 151 16.
1460 115 1514 156 27

103 221 252 260 cunde“
274 220 402 270 inquit
423 220 673 267 „Antiochus,
705 219 782 269 qui,
812 219 843 257 si
871 219 940 257 alia
961 231 1032 269 pro
1055 231 1168 257 causa
1189 218 1270 257 eius
1291 229 1372 256 non
1396 224 1516 263 erant,

101 290 200 329 quae
221 277 453 322 dicerentur,
478 276 687 326 quemlibet
707 276 776 313 ista
798 287 914 325 quam
936 287 976 313 se
994 275 1120 313 dicere
1136 274 1280 313 maluit.
1298 273 1390 324 quid
1413 274 1515 312 enin]
1536 280 1555 312 S

102 333 224 372 simile
246 333 359 371 hahet
390 332 597 370 civitatium
631 344 775 377 earum,
800 342 895 381 quas
920 331 1162 381 comparasti,
1193 328 1338 369 causa?
1366 329 1412 368 ab
1438 330 1516 368 Re-

102 389 199 441 ginis
226 394 262 428 et
281 389 537 439 Neapolitanis
566 393 602 426 et
620 387 848 433 Tarentinis,
876 399 921 425 ex
952 399 1029 437 quo
1056 387 1095 424 in
1126 392 1297 425 nostram
1327 391 1519 424 venerunt

102 451 340 497 potestatem,
364 457 443 482 uno
465 450 501 482 et
521 449 709 494 perpetuo
732 450 866 481 tenore
885 443 991 488 iuris,
1013 455 1168 492 semper
1181 448 1381 492 usurpato,
1398 454 1516 480 num—

103 514 218 552 quam
240 501 472 546 intermisso,
493 512 590 550 quae
614 512 658 537 ex
683 499 839 537 foedere
857 498 1009 544 dehent,
1035 498 1235 548 exigimus.
1254 504 1416 548 potesne
1429 503 1514 536 tan-
1535 513 1554 544 9

103 558 191 595 dem
220 558 357 603 dicere,
390 562 432 594 ut
460 556 484 594 ii
504 556 637 606 populi
669 567 749 593 non
772 567 841 605 per
864 567 916 600 se,
945 566 1025 592 non
1049 566 1118 604 per
1141 554 1257 591 alium
1280 566 1516 604 quemquam

104 613 243 652 foedus
276 612 520 658 mutaverint,
551 611 605 649 sic
625 611 735 649 Asiae
758 611 936 657 civitates,
968 616 1010 648 ut
1029 610 1147 648 semel
1171 622 1309 647 venere
1329 610 1368 647 in
1392 611 1515 648 maio-
1539 626 1579 657 10

103 682 191 708 rum
216 669 394 707 Antiochi
426 672 664 718 potestatem,
694 667 734 705 in
767 673 953 717 perpetua
986 666 1232 716 possessione
1264 666 1373 715 regni
1401 666 1514 703 vestri

104 725 373 776 permansisse,
404 730 440 762 et
471 736 551 761 non
579 723 667 761 alias
698 736 831 761 earum
856 723 897 761 in
919 723 1097 772 Philippi,
1129 722 1217 760 alias
1244 722 1283 759 in
1304 722 1518 760 Ptolomaei

104 782 223 819 fuisse
249 785 445 830 potestate,
477 780 565 818 alias
595 792 664 830 per
688 780 829 818 multos
851 791 976 817 annos
999 779 1103 817 nullo
1127 778 1343 828 ambigente
1362 777 1517 815 liberta—

105 843 181 876 tem
211 834 452 886 usurpasse?
480 848 568 874 nam
598 836 640 881 si,
672 836 778 886 quod
812 836 1016 886 aliquando
1038 835 1266 877 servierunt„
1294 840 1517 884 temporum
1540 856 1577 887 11

104 893 302 943 iniquitate
334 893 468 942 pressi,
497 893 556 930 ius
590 898 678 942 post
698 899 753 930 tot
774 892 899 930 secula
923 891 1125 929 adserendi
1146 904 1212 928 eos
1234 891 1272 928 in
1293 890 1517 929 servitutem

106 949 227 995 faciet,
255 949 346 999 quid
379 948 495 994 abest,
524 948 617 999 quin
646 955 772 986 actum
805 948 897 986 nihil
926 947 1038 985 nohis
1071 947 1128 993 sit,
1162 947 1267 997 quod
1298 959 1317 984 a
1340 946 1516 996 Philippo
1542 961 1580 992 12

104 1005 351 1044 liberavimus
383 1005 591 1049 Graeciam,
623 1010 659 1042 et
691 1010 864 1054 repetant
884 1004 1028 1054 posteri
1051 1004 1133 1041 eius
1154 1003 1383 1041 Corinthum
1407 1002 1518 1040 Chal-

106 1062 229 1100 cidem
250 1061 530 1099 Demetriadem
552 1066 588 1098 et
601 1061 877 1098 Thessalorum
901 1066 1018 1098 totam
1039 1057 1222 1110 gentem?
1246 1059 1311 1096 sed
1335 1058 1428 1109 quid
1450 1070 1518 1108 ego
1543 1070 1582 1101 13

107 1129 260 1156 causam
281 1117 489 1155 civitatium
517 1130 599 1167 ago,
630 1129 745 1167 quam
768 1117 859 1168 ipsis
882 1116 1082 1167 agentibus
1104 1122 1140 1154 et
1159 1128 1230 1153 nos
1251 1121 1287 1153 et
1306 1127 1438 1165 regem
1459 1115 1520 1164 ip-

105 1271 215 1302 sageu.
242 1280 284 1286 —
309 1263 436 1299 civitat„
467 1260 518 1291 die
539 1260 654 1291 beiden
683 1260 777 1291 Clas-

105 1317 161 1338 sen
183 1316 245 1337 von
261 1306 409 1337 Staaten.
433 1324 472 1327 —
487 1317 524 1337 ex
538 1317 599 1346 quo
621 1309 694 1344 etc,
726 1305 777 1336 dic

106 1353 159 1391 31,
188 1353 218 1391 7,
248 1353 283 1384 11
316 1352 510 1382 (ῆι-1151111166
549 1350 775 1382 N'erh'ziltnisse

107 1397 239 1428 werden
282 1396 331 1427 als
372 1396 640 1437 voriibergehend
687 1396 778 1426 nicht

106 1443 269 1474 beachtet.
286 1448 503 1481 —perpetu0,
530 1451 599 1471 was
628 1452 688 1472 nur
714 1451 777 1472 von

108 1487 261 1529 Neapolis
293 1488 359 1518 und
390 1486 526 1527 Regium
561 1487 641 1526 galt,
668 1487 711 1517 ist
736 1486 779 1517 1111

106 1532 198 1573 Folg.
244 1533 326 1563 nach
362 1532 446 1563 zwei
489 1531 600 1563 Sciten
633 1532 777 1563 erkl'airt:

107 1585 269 1617 usurpato,
296 1577 360 1608 wir
387 1577 492 1608 haben
520 1587 553 1608 es
572 1576 684 1608 inuner
701 1587 779 1608 aus-

108 1623 218 1664 geiibt,
241 1623 292 1653 nie
310 1622 547 1654 unterbrechen
574 1622 694 1656 lassen,
727 1624 779 1652 ἰη-

107 1675 207 1708 term,
220 1668 324 1699 selbst
342 1678 375 1699 es
386 1667 438 1699 1116
448 1667 701 1703 unterbrochen,
714 1667 778 1698 Cic.

107 1714 202 1745 Verr.
233 1716 262 1746 5.
288 1714 341 1752 20,
371 1715 424 1753 51,
458 1713 516 1744 der
540 1711 713 1743 Ausdruck
738 1712 782 1743 ist

108 1758 332 1799 tautologisch
371 1758 434 1789 wie
475 1760 529 1797 34,
570 1759 600 1791 9,
645 1760 674 1797 5,
724 1768 782 1788 zur

108 1804 212 1835 Sache
249 1814 273 1834 5.
312 1805 364 1843 34,
399 1805 453 1842 58,
484 1805 532 1836 10.
562 1820 602 1824 -—
628 1814 665 1834 ex
685 1803 777 1841 foed„

111 1851 164 1889 36,
198 1851 228 1887 4,
265 1851 322 1889 10;
356 1848 397 1879 ib.
431 1850 485 1887 42,
527 1846 577 1880 lf.
629 1867 642 1869 ⁷<
664 1859 780 1887 perse

107 1909 152 1921 =
176 1897 246 1933 ipsi,
272 1904 325 1925 um
350 1894 410 1925 deu
443 1892 627 1934 Gegensatz
652 1892 779 1933 gleich-

109 1939 231 1979 m'zissig
255 1939 508 1970 auszudriicken.
530 1956 571 1960 —
593 1941 783 1970 mutaverint

108 1985 231 2017 kounte
250 1985 433 2025 gebraucht
458 1984 525 2015 sein
544 1994 596 2014 um
614 1984 674 2014 dcn
696 1982 781 2023 Geg-

110 2040 188 2061 ueru
222 2030 283 2060 den
318 2028 497 2061 Gedanken
532 2028 781 2060 unterzuschie-

110 2075 189 2106 ben:
215 2074 278 2105 wie
308 2074 360 2105 ihr
384 2075 573 2116 behauptet,
602 2074 676 2104 dass
701 2085 731 2104 u.
757 2084 781 2104 s.

111 2130 163 2159 11“.,
201 2130 225 2151 s.
270 2119 334 2150 Cic.
369 2119 447 2161 Rep.
485 2122 511 2159 1,
546 2122 576 2157 0,
608 2120 658 2155 14,
686 2117 781 2150 Τ1156.

111 2167 143 2201 4,
171 2166 224 2198 21.
257 2167 298 2197 47
323 2176 353 2196 u.
380 2165 429 2197 {Lx
456 2165 565 2195 Duker
590 2174 689 2195 verm.
715 2175 782 2195 mu-

110 2217 263 2243 taverunt.
289 2227 332 2231 —
366 2212 466 2248 semel,
500 2211 553 2243 36,
588 2212 618 2247 7,
656 2212 693 2248 (1,
727 2210 780 2248 37,

111 2257 165 2295 20,
192 2257 222 2288 4.
264 2262 432 2295 postquam
463 2257 555 2286 semel
583 2272 628 2276 ——
662 2265 780 2291 venere,

112 2302 165 2340 37,
192 2302 245 2336 34,
274 2303 303 2333 0.
340 2318 381 2321 —
409 2303 490 2331 alias
518 2304 591 2339 etc„
625 2300 782 2331 wiihrend

111 2346 169 2377 der
207 2345 511 2385 Diodochenkriege
555 2346 671 2376 hatten
713 2345 782 2376 sich

110 2390 197 2422 viele
225 2390 287 2422 frei
307 2392 474 2431 gemacht:
508 2391 642 2421 manche
667 2391 782 2421 hatten

112 2436 196 2467 daun
221 2436 272 2468 die
300 2435 489 2467 Ptolemiier
506 2436 649 2473 erobert,
672 2434 781 2467 diesen

111 2482 259 2513 mehrere
274 2480 411 2523 Philipp.
429 2480 601 2520 entrisseu,
617 2491 641 2511 s.
658 2482 710 2517 33,
726 2483 780 2520 40,

113 2528 149 2565 53
187 2527 306 2558 audere
344 2536 455 2557 waren
493 2525 553 2558 frei
593 2525 782 2567 gehliebeu3

846 1260 911 1300 vgl.
938 1261 991 1296 33,
1008 1261 1065 1298 203
1086 1259 1167 1300 App.
1186 1259 1216 1289 S.
1236 1257 1387 1295 63H11hn
1415 1260 1445 1297 2,
1467 1260 1520 1291 97.

848 1323 889 1327 ——
924 1307 1013 1336 nullo
1045 1307 1134 1339 amb..
1170 1305 1253 1335 ohne
1290 1304 1366 1334 dass
1405 1303 1521 1343 irgend

846 1350 982 1382 Jemand
1011 1349 1063 1380 ihr
1087 1349 1190 1381 Reeht
1218 1349 1299 1380 dazu
1325 1348 1357 1379 111
1383 1346 1523 1380 Zweifel

847 1407 918 1436 zog,
959 1406 985 1426 c.
1025 1397 1078 1434 33,
1120 1397 1150 1427 4.
1190 1414 1223 1417 ή-
1260 1396 1404 1434 ubertat„
1442 1404 1466 1425 s.
1494 1404 1520 1425 c.

848 1443 901 1477 46.
932 1443 980 1473 11.

896 1487 1036 1519 11—13.
1065 1488 1150 1526 quod
1174 1503 1213 1506 —
1242 1496 1330 1521 serv„
1364 1484 1422 1516 der
1446 1483 1523 1515 Um·-

847 1532 945 1563 stand
971 1532 1058 1571 dass,
1084 1531 1128 1561 ist
1161 1530 1296 1570 Subject
1328 1540 1367 1560 zu
1401 1532 1450 1561 ius
1478 1547 1522 1551 —-—

838 1579 959 1619 faciet:
992 1586 1026 1608 es
1059 1586 1131 1607 zum
1164 1575 1269 1607 Recht
1301 1576 1422 1611 macht,
1465 1576 1522 1606 das

848 1622 885 1653 R.
919 1622 1018 1662 gicht.
1051 1639 1093 1643 —-
1125 1633 1212 1657 saec„
1247 1619 1522 1659 Menschenalter,

849 1678 873 1698 s.
910 1669 962 1701 36,
999 1669 1028 1699 6,
1068 1668 1097 1698 2.
1133 1677 1172 1696 zu
1204 1667 1235 1702 9,
1266 1666 1317 1703 18,
1356 1667 1405 1701 10,
1432 1664 1523 1695 nicht

851 1713 932 1743 ohne
975 1710 1254 1751 Uebertreibnng,
1301 1711 1339 1741 da
1381 1709 1429 1741 sie
1471 1709 1525 1741 die

850 1757 996 1788 Freiheit
1022 1756 1112 1786 nicht
1143 1758 1203 1789 100
1235 1756 1336 1786 Jahre
1369 1755 1524 1786 besessen

848 1803 964 1834 haben.
987 1820 1028 1823 —
1049 1804 1114 1833 ads.
1134 1804 1167 1832 in
1191 1812 1280 1840 seru,
1308 1811 1371 1831 von
1388 1799 1523 1831 Privat-

848 1847 1093 1879 verh'ziltnissen
1127 1845 1186 1877 auf
1213 1846 1390 1877 staatliche
1425 1846 1524 1877 iiber-

849 1898 1017 1933 getrageu,
1045 1893 1074 1925 3,
1101 1894 1155 1930 44,
1185 1893 1222 1925 5:
1256 1893 1309 1929 34,
1347 1893 1397 1930 ts,
1424 1892 1453 1923 2.
1478 1908 1524 1912 -

849 1941 928 1979 qm'd
940 1940 998 1975 ab„
1026 1940 1115 1978 quin,
1142 1947 1175 1968 es
1205 1935 1288 1968 fehlt
1312 1936 1429 1973 niehts,
1449 1936 1523 1967 dass

851 1984 950 2021 nicht,
988 1993 1022 2014 es
1053 1982 1137 2013 wird
1170 1981 1300 2022 gewiss,
1336 1984 1365 2021 5,
1398 1983 1428 2019 4,
1466 1983 1524 2020 14;

851 2031 904 2065 44,
935 2030 984 2065 19,
1011 2029 1050 2066 93
1079 2029 1109 2067 8,
1136 2029 1167 2065 4,
1198 2029 1227 2059 2.
1247 2045 1288 2048 —
1310 2034 1367 2058 aet.
1392 2028 1523 2065 anob,

850 2085 874 2105 s.
902 2084 928 2104 6.
958 2075 1006 2112 17,
1035 2074 1063 2105 8.
1094 2090 1136 2094 ——
1161 2080 1188 2104 et
1211 2079 1318 2111 repet„
1341 2072 1425 2103 auch
1441 2072 1524 2102 dazu

851 2120 966 2160 gehiirt
1006 2121 1094 2159 quin.
1128 2136 1171 2140 —
1202 2124 1230 2149 et
1266 2120 1382 2156 Thess.,
1421 2116 1472 2148 (lie
1505 2118 1524 2148 3

851 2167 1034 2205 genannten
1073 2163 1202 2197 Stiidte.
1239 2174 1263 2194 5.
1305 2164 1357 2199 32,
1396 2163 1449 2195 37.
1493 2163 1524 2200 3,

851 2210 983 2241 werden
1019 2209 1138 2240 diesem
1173 2208 1358 2249 gegeniiber
1392 2207 1440 2237 als
1472 2206 1525 2238 eiu

853 2254 981 2286 Ganzes
1015 2254 1223 2295 dai-gestent,
1256 2256 1435 2284 Demetrias
1467 2262 1524 2292 ge-

850 2301 944 2332 ho'rte
970 2299 1060 2330 nicht
1085 2310 1123 2330 zu
1144 2298 1335 2330 Thessalien
1363 2298 1405 2328 im
1425 2307 1526 2337 cuge-

851 2355 908 2377 ren
934 2344 1042 2381 Sinne,
1069 2345 1207 2376 sondern
1234 2354 1273 2375 zu
1299 2342 1480 2383 Magnesia,
1499 2353 1525 2373 5.

851 2401 877 2422 c.
909 2392 962 2425 39,
991 2391 1064 2425 3112,
1092 2391 1173 2421 doeh
1208 2389 1273 2429 vgl.
1306 2388 1387 2419 iiber
1418 2394 1446 2419 et
1471 2389 1524 2425 37,

852 2437 905 2475 53,
943 2437 992 2468 12.
1026 2453 1069 2457 —
1103 2446 1250 2475 eoqwosc„
1292 2433 1439 2464 absolut:
1476 2432 1525 2463 als

851 2481 987 2512 Richter
1023 2479 1245 2519 entseheiden,
1280 2490 1304 2509 s.
1343 2488 1368 2509 c.
1410 2480 1461 2515 17,
1488 2479 1526 2509 2:

851 2529 1042 2566 disceptatio.
