1715 2723
538 124 663 157 LIBER
679 123 823 157 XXXII.
849 124 942 158 CAP.
960 126 1014 159 21.
1386 128 1465 168 139

58 142 86 160 a.
102 134 155 160 Ch.
171 133 231 158 198.

59 231 263 268 censerent
289 226 394 266 utilia
423 239 520 265 esse.
555 226 723 266 Romani
750 226 968 278 Rhodiique
996 231 1033 265 et
1059 228 1210 267 Attalus
1240 228 1465 268 societatem
1493 235 1514 266 4

57 283 345 334 amicitiamque
366 287 538 322 nostram
558 287 696 334 petunt
716 288 754 321 et
777 283 816 321 in
832 283 950 329 bello,
982 283 1085 333 quod
1114 285 1296 324 adversus
1316 285 1464 337 Philip—

58 352 153 392 pum
172 344 324 391 gerunt,
346 353 386 378 se
408 352 428 378 a
448 338 559 377 nobis
581 339 749 378 adiuvari
770 351 939 390 aequum
961 345 1132 378 censent.
1174 341 1375 392 Philippus
1398 355 1464 381 so-
1493 347 1512 378 5

58 396 206 435 cietatis
228 409 360 435 secum
382 395 564 434 admonet
584 400 621 433 et
640 395 735 434 iuris
756 395 918 441 iurandi,
941 400 979 433 et
996 395 1114 434 modo
1132 397 1316 446 postulat,
1338 402 1381 436 ut
1401 411 1464 437 se·

58 464 148 491 cum
170 457 332 498 stemus,
356 451 486 497 modo,
507 462 556 489 ne
576 451 801 490 intersimus
822 451 960 498 armis,
982 456 1210 490 contentum
1231 453 1282 491 ait
1303 466 1343 492 se
1365 467 1463 494 esse.

57 507 203 547 nulline
224 508 386 547 venitin
407 511 599 553 mentem,
623 520 710 553 cur,
734 508 800 559 qui
821 507 997 546 nondum
1026 507 1119 547 socii
1148 512 1256 554 sunt,
1286 510 1372 559 plus
1394 523 1464 560 pe·
1494 517 1513 548 6

55 568 140 603 tant
168 577 283 615 quam
306 561 465 603 socius?
494 575 574 602 non
602 564 645 602 fit
671 564 746 603 hoc
773 576 898 615 neque
926 564 1116 603 modestia
1144 564 1310 615 Philippi
1338 577 1464 617 neque

56 619 295 671 impudentia
315 621 594 666 Romanorum,
616 620 774 658 Achaei:
804 621 960 659 fortuna
981 624 1019 658 et
1040 620 1104 659 dat
1124 620 1305 659 fiduciam
1326 627 1464 672 postu·
1496 629 1511 659 7

54 676 222 715 lantibus
244 681 282 715 et
304 677 433 714 demit.
472 675 640 727 Philippi
667 681 821 727 praeter
847 676 1016 727 legatum
1042 676 1216 715 videmus
1243 676 1356 725 nihil,
1384 677 1464 716 Ro-

55 744 170 770 mana
199 732 328 771 classis
357 732 403 771 ad
426 732 639 771 Cenchreas
667 736 742 771 stat
771 732 927 771 urbium
954 732 1134 771 Euboeae
1155 733 1277 784 spolia
1302 746 1395 784 prae
1424 746 1464 772 se

54 788 182 827 ferens
195 819 204 835 ,
228 789 427 827 consulem
448 788 696 840 legionesque
712 789 808 837 eius,
830 789 966 840 exiguo
989 789 1106 828 maris
1122 790 1245 840 spatio
1262 789 1462 837 diiunctas,

54 843 266 884 Phocidem
287 857 330 883 ac
350 845 552 884 Locridem
574 846 815 896 pervagantis
836 846 1031 884 videmus:
1055 845 1269 892 miramini,
1299 858 1368 885 cur
1389 846 1462 885 dif-
1493 848 1513 880 8

55 900 220 940 fidenter
241 901 488 947 Cleomedon,
510 902 657 952 legatus
679 901 864 952 Philippi,
892 907 936 940 ut
963 914 1033 952 pro
1054 914 1144 952 rege
1172 914 1280 940 arma
1306 915 1463 953 capere-

52 968 142 995 mus
164 957 346 996 adversus
366 958 564 996 Romanos
579 988 587 1003 ,
610 957 728 996 modo
745 955 895 1008 egerit?
916 958 994 1008 qui,
1023 958 1055 996 si
1083 970 1127 996 ex
1149 957 1286 996 eodem
1306 958 1464 997 foedere
1492 965 1512 996 9

53 1025 97 1051 ac
117 1012 199 1052 iure
220 1013 397 1060 iurando,
420 1013 528 1052 cuius
550 1013 662 1052 nobis
684 1014 910 1064 religionem
932 1013 1130 1060 iniciebat,
1153 1026 1335 1065 rogemus
1357 1027 1461 1061 eum,

52 1074 97 1107 ut
123 1081 195 1108 nos
223 1069 425 1120 Philippus
454 1075 492 1108 et
513 1070 560 1108 ab
582 1069 727 1109 Nabide
749 1082 793 1108 ac
813 1070 1127 1109 Lacedaemoniis
1149 1076 1188 1108 et
1208 1070 1253 1108 ab
1276 1071 1462 1109 Romanis

38 1125 252 1169 defendat,
281 1137 360 1163 non
381 1126 498 1164 modo
520 1126 775 1176 praesidium,
805 1138 881 1177 quo
902 1130 1058 1165 tueatur
1078 1139 1171 1172 nos,
1200 1127 1267 1164 sed
1295 1138 1343 1164 ne
1371 1127 1463 1177 quid

52 1181 286 1232 respondeat
302 1181 459 1232 quidem
475 1181 599 1227 nobis,
617 1182 667 1220 sit
684 1182 921 1228 inventurus,
940 1193 1020 1220 non
1034 1182 1190 1220 hercule
1207 1182 1327 1233 magis
1345 1195 1463 1233 quam
1494 1186 1534 1219 10

52 1236 134 1288 ipse
155 1237 354 1288 Philippus
374 1237 503 1288 priore
524 1249 647 1284 anno,
678 1238 742 1288 qui
768 1238 986 1289 pollicendo
1007 1251 1048 1276 se
1069 1238 1253 1276 adversus
1275 1238 1463 1277 Nabidem

52 1292 197 1331 bellum
228 1298 430 1343 gesturum
459 1306 547 1332 cum
576 1299 805 1345 temptasset
834 1299 1011 1333 nostram
1040 1294 1281 1333 iuventutem
1312 1295 1402 1333 hinc
1423 1295 1462 1333 in

52 1349 248 1388 Euboeam
270 1350 483 1397 extrahere,
506 1355 713 1402 postquam
731 1362 802 1389 nos
819 1362 946 1402 neque
968 1351 1174 1389 decernere
1196 1350 1233 1389 id
1256 1350 1327 1389 sibi
1347 1363 1461 1402 prae·
1493 1357 1531 1390 11

98 1463 185 1494 4-5.
213 1462 271 1494 Die
296 1463 556 1495 verschiedenen
580 1464 720 1495 Ansich-

53 1513 119 1540 ten.
138 1527 183 1531 —
198 1519 331 1549 secum,
355 1509 550 1541 attributiv:
575 1509 632 1541 das
657 1509 719 1540 wir

53 1554 112 1585 mit
129 1553 193 1585 ihm
217 1554 343 1586 hiitten.
361 1572 405 1576 -—
422 1556 509 1585 iaris
531 1555 615 1593 iar„
640 1565 667 1585 c.
688 1555 719 1593 5,

54 1600 85 1630 4.
104 1616 149 1621 —
165 1601 203 1629 ut
220 1609 330 1630 secum
345 1623 352 1637 ,
377 1597 397 1639 ξ
416 1599 446 1630 8.
467 1617 505 1621 ——
525 1610 566 1630 ne
588 1601 719 1640 interr,

53 1643 131 1674 weil
160 1643 192 1674 in
221 1646 412 1674 contentum
443 1654 516 1674 esse
545 1645 628 1674 auch
660 1644 720 1675 der

53 1688 179 1729 Begriff
191 1688 287 1727 lie—gt:
306 1698 342 1719 er
360 1688 514 1719 wiinsche.
530 1699 601 1730 nur,
619 1689 719 1719 wolle

53 1733 143 1764 nicht
160 1733 261 1774 mehr,
279 1734 346 1773 vgl.
363 1733 429 1764 Cic.
448 1733 546 1765 Tusc.
562 1734 592 1773 2,
611 1733 641 1772 6,
663 1733 718 1764 16:

51 1788 135 1819 ergo
153 1777 189 1809 [d
203 1797 224 1800 —
241 1780 388 1821 respuit,
406 1789 446 1809 ne
463 1778 609 1810 dolorem
628 1789 721 1810 sum—

51 1833 147 1854 mum
163 1822 290 1854 malam
306 1823 452 1862 dleeresg
471 1822 564 1855 Caes.
583 1824 616 1854 B.
635 1823 670 1855 C.
692 1824 719 1865 1,

53 1867 111 1899 86:
137 1867 173 1899 id
193 1887 214 1890 —
235 1867 400 1899 militibus
421 1869 494 1910 fuit
513 1871 721 1911 pergratam

52 1914 87 1944 et
103 1911 302 1953 iucundum,
321 1915 359 1945 ut
375 1932 396 1935 —
412 1913 565 1954 ferre71t3
586 1913 668 1944 ohne
686 1912 723 1944 id

52 1957 117 1988 wie
141 1967 181 1989 an
203 1969 234 1988 u.
259 1957 307 1989 St.
351 1957 417 1989 Cic.
437 1957 507 1989 Att.
530 1958 586 2000 13,
604 1959 662 1997 45,
683 1958 717 1989 3:

53 2012 158 2033 mmm
174 2004 298 2043 pungit
314 2013 377 2041 me,
395 2014 435 2034 ne
452 2003 719 2045 neglig-entiores

55 2057 130 2077 esse
148 2046 337 2086 vz'deamnrg
354 2047 398 2078 ib.
417 2048 453 2087 3,
477 2048 531 2088 15,
554 2051 586 2080 1:
611 2051 647 2080 ΐιι
665 2059 718 2080 me

56 2092 236 2132 ohim-gas,
254 2094 290 2122 ut
307 2093 372 2123 sim.
387 2092 520 2134 firmior
536 2104 566 2124 u.
585 2093 614 2124 ii.
650 2093 719 2125 Zur

53 2135 158 2167 Sache
172 2147 197 2167 s.
215 2135 234 2175 ξ
250 2136 302 2167 33.
318 2155 359 2159 -
372 2139 489 2178 armis,
507 2148 532 2169 5,
549 2138 601 2178 30,
619 2138 669 2178 14,
685 2138 716 2170 2.

101 2181 185 2212 6-8.
212 2181 272 2211 Die
296 2180 415 2212 RIimer
439 2182 510 2213 sind
534 2183 564 2213 in
587 2184 718 2215 solt-her

56 2224 156 2266 Lage,
174 2226 249 2257 dass
267 2226 315 2257 sic
334 2226 384 2257 ein
403 2226 562 2258 Biindniss
581 2228 640 2259 mit
656 2239 717 2260 uns

55 2268 189 2302 fordern
218 2271 362 2310 kiinnen,
393 2283 418 2303 s.
449 2271 469 2313 ξ
496 2272 591 2312 stiffi,
623 2273 659 2304 31
674 2274 718 2312 ff.‚

55 2313 139 2346 Phil.
170 2315 270 2346 nicht.
293 2335 337 2338 —
359 2318 447 2347 venit
476 2318 497 2347 ἰ.
526 2328 589 2356 m.,
618 2318 718 2350 denkt

56 2359 146 2391 nicht
186 2361 288 2392 daran
300 2386 307 2400 ‚
354 2361 493 2392 erkennt
534 2362 633 2393 nicht.
675 2381 718 2385 —

56 2405 193 2442 Achaei,
213 2416 237 2436 5.
255 2417 280 2436 c.
299 2406 350 2444 20,
369 2406 406 2440 3:
426 2407 478 2443 35,
497 2407 549 2443 49,
568 2407 599 2446 9,
616 2407 660 2438 ist
677 2417 717 2439 an

55 2459 86 2479 u.
106 2449 152 2480 St.
173 2450 263 2481 nieht
284 2451 410 2490 sicher,
435 2452 514 2482 iiber
533 2452 592 2483 den
611 2452 719 2484 Voca-

56 2494 105 2524 tiv
128 2504 178 2525 am
201 2494 290 2526 Eude
312 2496 368 2527 des
391 2496 507 2527 Satzes
532 2507 558 2530 s.
584 2497 644 2536 38,
662 2499 715 2537 49,

59 2537 109 2569 13.
127 2540 384 2582 —postulmzt.,
408 2542 468 2573 deu
494 2541 716 2584 Fordernden,

793 1469 892 1496 statt:
910 1475 950 1495 zu
968 1464 1223 1505 Forderungen,
1242 1464 1309 1505 vgl.
1330 1465 1389 1505 31,
1411 1465 1461 1503 11,

795 1510 847 1541 17.
867 1527 911 1532 -
929 1508 1065 1541 ΡΙιοοίιί.
1086 1519 1124 1540 ac
1142 1508 1258 1549 Locru,
1282 1509 1392 1541 dieses
1418 1509 1461 1541 ist

792 1555 825 1585 111
842 1554 952 1594 Bezug
975 1553 1034 1585 auf
1048 1553 1165 1585 Locris
1190 1564 1218 1585 c.
1241 1554 1297 1593 18,
1317 1555 1377 1586 5ff.
1400 1566 1462 1586 nur

792 1600 1008 1640 angedeutet,
1026 1599 1093 1639 vgl.
1111 1610 1139 1630 c.
1158 1599 1216 1640 32,
1238 1599 1271 1637 13
1291 1600 1349 1638 36,
1369 1600 1399 1631 9.
1420 1618 1461 1623 —-

791 1646 928 1676 miram.
946 1644 1130 1685 entspricht
1149 1646 1235 1675 venit
1252 1646 1286 1675 ἰη
1302 1647 1460 1675 mentem.

791 1707 836 1712 —-
857 1699 918 1732 pro
942 1708 963 1711 -
985 1688 1137 1728 advers„
1168 1690 1229 1727 45,
1259 1689 1314 1728 10,
1344 1689 1393 1720 14.
1419 1708 1459 1711 —-

792 1733 889 1765 modo
912 1733 956 1764 ist
978 1734 1044 1764 wol
1061 1744 1126 1764 von
1144 1734 1203 1764 der
1220 1732 1295 1764 Zeit
1318 1744 1358 1764 zu
1382 1734 1461 1765 neh—

791 1788 882 1818 men,
902 1778 991 1809 nicht
1008 1793 1029 1804 z
1048 1788 1126 1817 nur,
1151 1778 1258 1809 nichts
1277 1779 1413 1819 weiter,
1432 1790 1458 1810 5.

792 1824 844 1863 37,
864 1824 923 1863 54,
946 1824 999 1859 18,
1018 1823 1059 1854 da
1076 1833 1111 1855 es
1130 1834 1166 1854 so
1185 1824 1264 1855 weit
1280 1833 1345 1855 von
1363 1823 1460 1865 diffi—

791 1868 910 1900 denter
927 1866 1073 1900 entfernt
1092 1869 1146 1899 ist.

838 1913 948 1945 9-11.
976 1912 1060 1945 Phil.
1086 1914 1173 1944 hann
1197 1923 1262 1944 von
1286 1923 1346 1944 uns
1371 1913 1460 1945 nicht

792 1957 939 1997 fordern,
958 1958 1034 1988 (lass
1052 1958 1116 1989 wir
1133 1959 1190 1989 das
1208 1958 1369 1989 Biindniss
1388 1958 1461 1989 hal-

790 2008 846 2035 1011
865 2003 981 2045 sollen,
999 2003 1039 2034 da
1053 2013 1091 2035 er
1104 2014 1139 2034 es
1156 2002 1261 2034 selbst
1275 2003 1365 2034 nicht
1376 2003 1457 2035 hiilt.

792 2048 888 2090 relig.
909 2050 1003 2087 inid,
1029 2049 1082 2080 die
1101 2048 1305 2089 Verletzung
1322 2049 1372 2079 als
1392 2047 1459 2079 Ge—

790 2094 1031 2125 wissenssaehe
1050 2094 1235 2135 darstellte,
1253 2094 1302 2125 als
1320 2098 1457 2125 conatus

791 2150 831 2170 zu
856 2139 1004 2171 nehmen.
1027 2157 1070 2161 —
1092 2139 1189 2169 nobis
1207 2158 1227 2160 -
1244 2149 1305 2169 7108
1321 2157 1343 2160 —
1359 2148 1421 2169 nos
1437 2157 1457 2160 —

789 2184 885 2215 nobis
916 2184 959 2215 ist
990 2184 1056 2215 wol
1087 2184 1176 2214 nicht
1207 2184 1289 2215 ohne
1318 2182 1458 2214 Absieht

789 2229 987 2261 wiederholt
1015 2230 1079 2260 und
1109 2240 1145 2259 50
1175 2228 1323 2269 gestellt.
1347 2246 1390 2250 ——
1413 2229 1455 2259 sit

790 2274 1098 2306 2·1went111·.bezieht
1112 2274 1181 2305 sich
1195 2274 1277 2304 auch
1291 2272 1457 2315 aufprae-

791 2319 915 2350 sidium
950 2335 971 2346 =
1003 2322 1048 2351 sit
1079 2320 1271 2350 habiturn&
1311 2337 1351 2340 —
1390 2328 1454 2349 72011

789 2375 892 2404 magn,
910 2364 974 2396 wie
992 2364 1012 2406 ξ
1030 2365 1039 2395 1
1057 2376 1064 2403 3
1082 2375 1141 2395 zur
1159 2363 1262 2394 sache
1278 2362 1330 2401 31,
1345 2363 1398 2394 25.
1415 2382 1445 2385 —-

786 2411 902 2452 priore
925 2420 975 2449 (1.,
1005 2409 1041 2440 L.
1067 2410 1122 2440 hat
1148 2409 1205 2444 31,
1231 2408 1271 2437 25
1295 2408 1347 2439 (lie
1371 2408 1456 2439 Ver-

789 2455 956 2494 handlung
980 2455 1012 2485 in
1035 2455 1106 2484 deni
1124 2454 1203 2483 ι111111·
1228 2454 1292 2483 551
1316 2452 1455 2485 erziihlt.

789 2499 829 2530 da
847 2500 893 2530 sie
912 2500 942 2530 111
961 2500 1032 2530 deni
1046 2499 1187 2529 llerbste
1206 2498 1313 2529 dieses
1327 2498 1355 2529 J.
1374 2502 1456 2529 statt

788 2544 898 2583 hatte,
918 2544 1047 2587 Polyb„
1065 2544 1123 2575 der
1139 2544 1195 2574 das
1210 2543 1289 2574 Jahr
1309 2543 1368 2575 mit
1383 2543 1454 2574 dem
