1715 2723
148 873 202 911 59
227 872 535 923 propagandae.“

179 1332 199 1362 4

228 97 311 137 356

648 94 772 126 LIBER
791 95 954 129 XXXIV.
980 94 1072 127 CAP.
1091 95 1144 127 58.
1163 95 1216 127 59.

1489 112 1513 128 a.
1532 112 1556 128 ιι.
1571 107 1634 131 561,

227 198 352 249 inquit
380 196 570 244 „honesta
590 209 801 248 pensamus
814 228 823 244 ,
843 198 943 237 sicut
962 201 1029 236 aut
1045 197 1125 236 sola
1140 201 1205 236 aut
1220 197 1345 249 prima
1361 203 1463 238 certe
1479 200 1635 251 pensari

226 255 337 293 decet
358 253 521 304 principi
542 253 645 292 orbis
664 259 856 293 terrarum
873 254 1015 305 populo
1037 258 1075 292 et
1090 258 1198 292 tanto
1214 254 1307 305 regi,
1328 260 1459 294 utrum
1475 256 1633 295 tandem

178 318 198 348 9
228 310 379 349 videtur
398 310 617 356 honestius,
649 309 787 349 liberas
808 311 902 349 velle
924 310 1066 356 omnis,
1097 322 1194 361 quae
1215 310 1358 362 ubique
1380 317 1489 359 sunt,
1513 312 1633 351 Grae-

158 373 198 404 10
228 367 306 405 ciae
328 366 454 412 urbis,
477 378 526 405 an
546 379 676 405 servas
697 371 736 405 et
757 367 947 418 vectigalis
967 364 1124 405 facere?
1150 366 1183 405 si
1204 366 1274 405 sibi
1304 367 1516 407 Antiochus
1545 369 1633 420 pul-

228 423 366 461 chrum
387 435 472 461 esse
494 427 643 469 censet,
667 434 761 474 quas
782 423 895 462 urbes
917 435 1083 474 proavus
1103 422 1193 461 belli
1214 423 1295 461 iure
1315 423 1513 470 habuerit,
1541 437 1633 464 avus

158 484 193 515 11
227 484 413 530 paterque
428 490 643 530 numquam
665 480 936 530 usurpaverint
956 492 1026 530 pro
1046 479 1139 524 suis,
1162 492 1225 518 eas
1251 485 1424 530 repetere
1446 480 1486 518 in
1512 481 1634 519 servi-

225 540 372 582 tutem,
404 540 443 573 et
469 536 635 586 populus
662 535 862 574 Romanus
890 541 1115 587 susceptum
1150 536 1409 586 patrocinium
1447 537 1633 576 libertatis

156 596 195 628 12
225 591 461 631 Graecorum
478 603 557 630 non
575 592 750 631 deserere
766 592 855 631 fidei
871 592 1184 642 constantiaeque
1200 605 1292 631 suae
1309 593 1414 631 ducit
1430 605 1526 631 esse.
1559 592 1635 631 sic-

227 652 270 686 ut
306 660 327 686 a
355 648 533 699 Philippo
561 648 759 687 Graeciam
796 648 988 694 liberavit,
1023 648 1074 687 ita
1109 654 1146 686 et
1174 649 1219 687 ab
1251 649 1441 688 Antiocho
1471 649 1635 688 Graecas

158 710 196 742 13
226 704 335 743 Asiae
362 704 478 742 urbes
507 704 667 742 liberare
694 704 735 742 in
761 705 890 742 animo
918 704 1044 742 habet.
1084 716 1211 754 neque
1239 705 1342 744 enim
1372 706 1411 744 in
1437 705 1632 744 Aeolidem

226 760 452 810 Ioniamque
474 760 646 798 coloniae
668 760 707 797 in
728 760 954 798 servitutem
975 760 1120 810 regiam
1142 761 1280 799 missae
1302 766 1413 807 sunt,
1447 762 1512 799 sed
1544 762 1634 800 stir—

226 816 284 867 pis
305 815 499 866 augendae
521 828 633 854 causa
655 816 855 866 gentisque
876 816 1158 854 vetustissimae
1186 829 1255 867 per
1283 817 1417 855 orbem
1441 822 1635 856 terrarum

585 872 681 910 Cum
711 871 918 910 haesitaret
946 872 1183 922 Hegesianax
1210 884 1281 911 nec
1308 873 1462 912 infitiari
1490 878 1634 924 posset,

226 927 492 966 honestiorem
521 940 676 966 causam
704 928 888 966 libertatis
918 940 1035 978 quain
1075 928 1270 967 servitutis
1307 929 1478 980 praetexi
1512 929 1635 976 titulo,

228 984 351 1035 „quin
362 984 554 1022 mittimus
572 984 750 1035 ambages
761 982 808 1021 ‘?“
826 984 952 1034 inquit
965 984 1007 1022 P.
1027 984 1233 1035 Sulpicius,
1252 985 1318 1036 qui
1334 985 1526 1024 maximus
1542 990 1636 1025 natu
1701 1025 1702 1032 χ

179 1049 197 1080 2
227 1053 273 1078 ex
294 1041 429 1079 decem
451 1040 583 1090 legatis
608 1045 711 1085 erat3
734 1040 924 1085 „alteram
945 1053 992 1079 ex
1019 1040 1167 1079 duabus
1197 1041 1507 1088 condicionibus,
1539 1054 1637 1093 quae
1701 1047 1702 1050 ’

228 1096 346 1135 modo
369 1097 510 1135 diserte
531 1110 551 1135 a
573 1096 753 1142 Quinctio
774 1097 870 1135 latae
902 1102 1012 1140 sunt,
1046 1097 1176 1148 legite,
1210 1102 1276 1136 aut
1303 1098 1552 1149 supersedete
1589 1098 1635 1136 de
1701 1097 1702 1101 ’

178 1162 198 1193 3
227 1153 395 1191 amicitia
431 1157 583 1204 agere.“
626 1165 726 1198 „nos
761 1157 878 1192 vero“
916 1153 1041 1204 inquit
1081 1153 1286 1205 Menippus
1322 1166 1420 1200 „nec
1454 1154 1635 1193 volumus

228 1221 298 1248 nec
319 1221 529 1260 possumus
559 1209 701 1259 pacisci
721 1210 946 1260 quicquam,
976 1222 1052 1260 quo
1083 1221 1246 1260 regnum
1275 1210 1454 1249 Antiochi
1482 1211 1636 1249 minua-

230 1270 305 1304 tur.
312 1270 334 1285 ‘⁶

340 1321 502 1360 Postero
525 1321 584 1359 die
608 1321 809 1367 Quinctius
830 1321 1039 1372 legationes
1068 1322 1265 1360 universas
1295 1322 1473 1361 Graeciae
1502 1322 1635 1360 Asiae-

228 1389 303 1428 que
324 1390 414 1416 cum
434 1377 475 1415 in
495 1384 671 1416 senatum
693 1377 982 1424 introduxisset,
1004 1383 1048 1416 ut
1065 1378 1220 1424 scirent,
1244 1379 1346 1429 quali
1362 1379 1491 1417 animo
1507 1390 1636 1429 popu-

229 1434 286 1472 lus
306 1433 519 1479 Romanus,
542 1434 644 1484 quali
665 1434 877 1472 Antiochus
899 1446 987 1485 erga
1009 1434 1181 1473 civitates
1198 1435 1377 1474 Graeciae
1398 1439 1540 1480 essent,
1562 1447 1636 1485 po—

227 1524 315 1555 dicat
347 1523 407 1563 ist,
441 1523 514 1554 sind
547 1523 705 1554 einander
733 1523 837 1554 durch
864 1526 896 1554 et

227 1567 486 1609 gleichgestellt.

275 1613 383 1644 8-13.
433 1614 587 1655 pensari,
632 1613 896 1653 gegeneinander

228 1658 406 1699 abw‘zigen,
430 1658 474 1689 ist
497 1657 556 1689 mit
570 1658 691 1701 populo
708 1677 729 1680 -
747 1660 824 1700 regi
839 1673 860 1684 =
875 1668 896 1688 α

226 1713 302 1746 pop.
322 1722 342 1725 —
360 1713 381 1734 a
398 1713 480 1745 rege
493 1714 533 1733 zu
546 1703 739 1743 verbinden,
758 1714 783 1734 s.
799 1714 825 1734 c.
842 1703 895 1741 48,

229 1748 267 1786 43
292 1747 354 1787 22,
373 1747 427 1787 34,
445 1748 482 1787 83
506 1748 537 1788 9,
556 1748 609 1787 36,
631 1749 658 1787 1,
676 1748 735 1779 der
753 1747 811 1779 lnf.
831 1759 896 1779 von

229 1792 322 1824 decet
351 1792 525 1833 abh'angig.
557 1811 598 1815 —
626 1803 712 1824 serv.
742 1796 775 1824 et
806 1795 897 1834 vect,

230 1836 418 1877 Gegensatz
430 1848 471 1868 zu
485 1848 512 1869 c.
522 1838 637 1877 57,10,
652 1838 781 1879 vgl.21,
793 1839 847 1877 41,
858 1839 874 1868 7
887 1850 895 1875 ς

229 1881 283 1921 31,
302 1882 404 1921 29,’7.
431 1901 466 1904 ---
481 1893 514 1914 n.
532 1893 703 1924 usurpati„
720 1883 773 1914 ihr
790 1882 897 1914 Recht

230 1925 290 1958 auf
316 1926 504 1966 dieselben,
535 1927 585 1958 als
612 1927 708 1959 ihnen
737 1929 896 1968 geho'ren-

230 1972 281 2011 de,
299 1971 387 2003 nicht
405 1972 538 2012 geltend
555 1973 706 2012 gemacht
723 1973 840 2013 haben,
859 1984 896 2004 so

232 2017 308 2048 dass
332 2017 392 2048 der
408 2015 532 2048 fremde
549 2016 659 2048 Besitz
677 2018 766 2049 nicht
781 2023 897 2050 unter-

230 2061 374 2093 brochen
397 2062 463 2092 und
486 2072 521 2093 so
546 2060 694 2101 verj‘a'hrt
712 2062 772 2102 ist,
796 2073 822 2094 s.
842 2063 896 2102 33,

229 2106 289 2146 40,
313 2107 349 2146 53
372 2106 415 2137 ib.
434 2106 494 2145 38,
512 2106 530 2137 3
549 2118 579 2138 u.
597 2116 627 2137 a.
645 2125 687 2129 -—
704 2107 798 2149 fidei,
822 2118 848 2139 s.
867 2118 895 2139 e.

230 2151 289 2192 49,
317 2151 374 2190 11;
397 2151 479 2182 iiber
502 2151 554 2182 die
575 2150 764 2183 construet.
790 2163 816 2183 s.
841 2152 895 2192 21,

229 2196 290 2235 41,
317 2196 369 2228 12.
391 2215 436 2218 —m
460 2195 575 2228 Graec.
593 2197 653 2227 As.
672 2198 774 2229 urbes
789 2196 895 2228 haben

229 2241 296 2272 alle
310 2240 405 2273 Hdss.
420 2251 537 2273 ausser
550 2242 608 2273 der
621 2240 755 2281 Mainz.,
770 2242 893 2273 welche

229 2287 334 2317 Asiae
362 2287 479 2327 urbes,
513 2297 596 2328 quae
628 2286 724 2319 Graii·
747 2289 894 2318 nominis

228 2331 298 2361 sint
314 2330 433 2371 bietet3
453 2331 493 2362 da
509 2331 547 2362 L.
565 2336 658 2363 sonst
677 2330 822 2363 Graecae
841 2332 892 2363 od.

233 2374 392 2407 Graeciae
404 2377 506 2408 urbes
519 2381 603 2417 sagt,
616 2387 642 2408 s.
659 2377 711 2417 33,
727 2377 780 2417 34,
795 2376 830 2415 33
850 2377 891 2409 ib.

230 2420 283 2459 33,
303 2421 340 2459 73
369 2421 422 2461 37,
441 2422 500 2461 54,
524 2422 566 2453 20
589 2433 621 2453 u.
644 2432 691 2461 a.,
715 2421 767 2452 die
791 2421 892 2453 Forin

233 2463 355 2497 Graius
379 2466 576 2507 nirgends
600 2467 719 2498 weiter
742 2466 891 2506 brancht,

227 2520 265 2539 so
284 2510 328 2541 ist
345 2511 411 2542 wol
430 2512 668 2549 anzunehmen,
686 2512 761 2543 dass
783 2511 831 2543 sie
851 2521 890 2543 an

969 1535 999 1555 u.
1026 1524 1073 1556 St.
1103 1524 1206 1555 durch
1228 1523 1467 1566 Interpolation
1489 1529 1637 1556 eatstan-

969 1569 1031 1600 den
1049 1569 1108 1601 sei.
1126 1586 1170 1592 -
1187 1571 1285 1612 stirp.
1303 1580 1396 1611 auga,
1414 1580 1441 1601 s.
1460 1569 1513 1609 27,
1531 1569 1562 1609 9,
1584 1570 1635 1601 11.

968 1632 1012 1637 —
1025 1616 1211 1653 vetustiss„
1228 1613 1349 1646 darauf
1359 1614 1442 1646 wird
1455 1614 1571 1646 immer
1584 1614 1637 1646 ein

968 1659 1173 1692 besonderer
1189 1659 1315 1692 werth
1330 1660 1461 1700 gelegt3
1487 1670 1515 1691 s.
1533 1659 1586 1699 31,
1607 1660 1637 1700 1,

969 1705 1006 1744 7;
1025 1708 1056 1745 5,
1075 1705 1128 1744 54,
1146 1705 1177 1736 5.

1015 1766 1083 1804 59.
1122 1772 1207 1804 1-3.
1251 1773 1433 1804 honestior.
1475 1772 1522 1804 ist
1563 1782 1636 1803 zum

969 1817 1131 1849 Pr'adikat
1154 1828 1194 1848 zu
1219 1818 1370 1848 nehmen:
1394 1818 1444 1848 als
1469 1817 1540 1849 eine
1557 1827 1588 1848 u.
1607 1827 1635 1848 s.

969 1872 1011 1894 w.
1028 1881 1072 1885 —
1089 1862 1186 1893 titulo
1211 1862 1338 1894 scheint
1353 1862 1452 1894 Dativ
1468 1873 1509 1893 zu
1526 1861 1597 1893 sein
1614 1876 1635 1888 =

970 1910 1008 1939 ut
1025 1910 1114 1939 esset
1131 1907 1262 1948 titulus,
1279 1907 1415 1948 Angabe
1432 1907 1550 1939 dessen
1565 1916 1633 1938 was

970 1963 1044 1984 man
1068 1953 1142 1983 thut
1165 1952 1246 1984 oder
1269 1953 1389 1993 gethan
1412 1952 1485 1992 hat,
1509 1952 1563 1992 25,
1581 1951 1636 1991 29,

971 1999 1007 2038 5,
1039 1998 1070 2029 in
1095 1998 1155 2029 der
1176 1997 1392 2039 Verbindung
1413 1997 1473 2029 mit
1496 1999 1635 2039 praete-

968 2053 1054 2075 :cere
1091 2042 1260 2074 erscheint
1299 2042 1446 2074 dieselbe
1478 2042 1529 2074 als
1560 2041 1635 2073 tau-

968 2088 1101 2127 schend,
1120 2088 1169 2119 als
1182 2087 1479 2128 Aushangeschild,
1496 2086 1564 2128 vgl.
1579 2087 1634 2126 37,

969 2133 1028 2173 54,
1055 2132 1110 2164 13:
1135 2143 1232 2174 quem
1251 2133 1387 2164 titulum
1399 2130 1634 2176 praetenderi-

967 2179 1012 2208 tis
1034 2177 1198 2210 adversus
1222 2177 1416 2221 Philippum
1437 2177 1515 2209 belli
1521 2188 1529 2216 ;
1553 2175 1633 2208 Tac.

967 2222 1004 2253 H.
1030 2223 1069 2262 4,
1094 2223 1153 2254 73:
1183 2222 1323 2255 libertas
1345 2225 1379 2255 et
1400 2224 1552 2266 speciosa
1572 2231 1632 2253 no-

965 2269 1057 2298 mina
1069 2270 1341 2311 praeteoewztur,
1364 2268 1432 2308 vgl.
1450 2267 1486 2299 L.
1507 2266 1560 2306 36,
1580 2266 1632 2307 17,

969 2312 1019 2344 13.
1045 2332 1088 2336 -
1111 2311 1253 2355 Sulpic.,
1278 2313 1337 2352 33,
1361 2313 1414 2344 24.
1432 2330 1478 2335 —
1493 2311 1631 2352 diserte,

966 2357 1210 2389 ausdriicklich.
1247 2377 1288 2380 —
1325 2357 1426 2399 legite
1454 2372 1476 2383 =
1502 2356 1630 2399 eligite,

965 2402 1029 2434 wie
1047 2402 1156 2441 viell.‚
1181 2403 1248 2444 vgl.
1268 2402 1320 2443 21,
1341 2403 1392 2441 18,
1414 2401 1471 2433 13:
1494 2403 1630 2441 sumite,

966 2458 1007 2478 zu
1025 2447 1117 2479 lesen
1133 2447 1188 2479 ist.

1010 2512 1099 2544 4-8.
1124 2514 1283 2551 univers„
1304 2511 1387 2543 nach
1407 2511 1460 2552 §6
1479 2511 1562 2544 auch
1574 2510 1627 2542 die
