1715 2723
171 82 257 126 294

134 196 155 228 5
174 186 247 225 mis
275 197 453 236 possessa
486 183 532 222 ad
559 184 853 234 Hellespontum
881 183 1177 222 descenderunt.

619 81 744 114 LIBER
768 81 963 114 XXXVIII.
988 80 1081 116 CAP.
1110 83 1162 116 16.

1437 88 1462 106 a..
1482 88 1509 106 11.
1525 79 1586 108 565.

1243 183 1296 222 ibi
1326 197 1418 223 vero
1449 184 1588 235 exiguo

176 242 338 281 divisam
361 243 458 278 freto
479 240 728 278 cernentibus
738 240 867 278 Asiam
892 240 1012 278 multo
1031 240 1149 291 inagis
1170 239 1289 278 animi
1310 240 1358 278 ad
1378 246 1587 280 transeun-

174 298 269 337 dum
291 296 462 341 accensi,
484 296 721 346 nuntiosque
737 296 784 334 ad
807 296 1052 346 Antipatrum
1075 297 1315 346 praefectum
1329 296 1410 335 eius
1431 309 1521 335 orae
1541 296 1589 335 (16

173 353 335 393 transitu
361 352 570 391 mittebant.

627 364 725 403 quae
754 365 816 390 res
838 364 929 390 cum
946 352 1086 391 lentius
1118 364 1188 403 spe
1207 352 1384 402 ipsorum
1414 353 1588 391 trahere-

134 425 154 457 5
175 416 249 455 tur,
279 409 348 447 alia
387 420 526 447 rursus
557 421 656 447 nova
683 409 783 447 inter
814 409 967 459 regulos
988 409 1122 447 seditio
1145 415 1227 447 orta
1256 414 1324 447 est.

1391 409 1587 448 Lonorius

172 471 290 512 retro,
321 464 424 503 unde
456 470 623 508 venerat,
654 477 744 504 cum
765 465 909 503 maiore
930 472 1037 516 parte
1056 465 1261 503 hominum
1280 465 1417 515 repetit
1436 465 1588 516 Byzan-

171 521 290 567 tium,
314 521 493 559 Lutarius
516 521 790 560 Macedonibus
821 534 890 572 per
911 522 1080 572 speciem
1100 521 1298 572 legationis
1319 521 1365 559 ab
1386 521 1588 572 Antipatro

174 578 221 617 ad
249 577 528 628 speculandum
561 578 687 617 missis
714 578 808 617 duas
838 584 954 616 tectas
976 590 1093 616 naves
1123 584 1158 616 et
1182 578 1247 616 tris
1269 577 1418 616 lembos
1442 578 1585 616 adimit.

170 634 218 673 iis
246 633 339 672 alios
368 641 483 684 atque
516 634 608 672 alios
630 635 710 673 dies
732 640 942 685 noctesque
964 634 1198 673 travehendo
1220 634 1319 672 intra
1341 646 1486 684 paucos
1508 634 1589 672 dies

134 703 153 734 7
173 690 300 728 omnis
332 690 461 741 copias
506 691 638 729 traicit.

698 691 799 729 haud
829 691 878 729 ita
912 691 1032 729 multo
1062 697 1151 741 post
1170 691 1364 729 Lonorius
1387 691 1591 729 adiuvante

133 760 154 792 8
175 746 387 786 Nicomede
406 746 607 798 Bithyniae
636 760 724 798 rege
751 760 771 785 a
793 747 975 797 Byzantio
1008 747 1227 786 transmisit.
1277 752 1421 786 coeunt
1449 747 1588 786 deinde

169 802 212 841 in
243 815 367 842 unuln
398 816 536 842 rursus
561 804 654 842 Galli
686 810 722 842 et
746 804 885 841 auxilia
909 803 1108 842 Nicomedi
1129 803 1221 842 dant
1242 804 1426 842 adversus
1447 803 1586 842 Ziboe—

133 865 260 906 9tam,
290 865 485 898 tenentem
513 866 662 910 partein
686 860 897 910 Bithyniae,
928 860 1074 910 gerenti
1108 859 1266 898 bellum.
1316 867 1431 910 atque
1452 871 1590 897 eorum

171 916 339 954 maxime
370 927 487 966 opera
518 916 689 954 devictus
711 915 865 954 Ziboeta
886 922 953 962 est,
983 915 1239 966 Bithyniaque
1263 915 1390 954 01111115
1409 916 1450 953 in
1467 915 1589 953 dicio-

172 984 263 1010 nem
284 972 504 1010 Nicomedis
526 973 728 1011 concessit.
771 973 935 1022 profecti
956 985 1001 1010 ex
1021 972 1199 1023 Bithynia
1217 972 1256 1010 in
1276 972 1405 1010 Asiani
1428 984 1589 1022 proces-

171 1034 319 1067 serunt.
366 1040 446 1066 non
476 1029 562 1079 plus
591 1042 638 1067 ex
668 1029 799 1079 viginti
826 1028 980 1067 milibus
1002 1029 1206 1067 hominum
1230 1040 1346 1078 quain
1369 1028 1503 1066 decem
1526 1041 1589 1066 ar-

111 1090 152 1122 10
172 1090 273 1123 mata
304 1090 424 1123 erant.
474 1091 601 1124 tamen
633 1091 783 1123 tantum
816 1085 973 1123 terroris
1006 1084 1188 1123 omnibus
1221 1097 1318 1135 quae
1341 1085 1393 1123 cis
1416 1085 1589 1123 Taurum

171 1141 350 1180 incolunt
370 1142 548 1191 gentibus
569 1142 798 1187 iniecerunt,
822 1148 864 1180 ut
884 1154 978 1192 quas
1009 1142 1177 1180 adissent
1197 1153 1371 1191 quasque
1392 1154 1472 1179 11011
1485 1141 1588 1179 adis-

111 1204 150 1237 11
171 1203 277 1245 sent,
308 1198 452 1248 pariter
480 1199 634 1237 ultimae
667 1198 918 1249 propinquis,
949 1198 1112 1248 imperio
1142 1204 1333 1248 parerent.

1390 1204 1589 1248 postremo

173 1266 266 1293 cum
300 1261 374 1293 tres
397 1262 526 1294 essent
546 1262 696 1305 gentes,
724 1254 987 1305 Tolostobogii
1008 1255 1166 1293 Trocmi
1187 1254 1428 1305 Tectosages,
1458 1254 1498 1292 in
1520 1254 1588 1292 tris

172 1311 306 1363 partis,
326 1323 401 1361 qua
426 1312 565 1362 cuique
588 1312 825 1362 populorum
846 1323 1009 1350 suorum
1036 1311 1226 1362 vectigalis
1248 1311 1335 1349 Asia
1356 1315 1467 1357 esset,
1490 1310 1589 1348 divi-

168 1457 318 1494 ]zabendo,
338 1457 460 1488 vorhcr
475 1458 659 1497 puymmdo,
680 1458 843 1495 imponen-

169 1503 229 1542 do,
263 1512 288 1533 S.
323 1503 363 1541 2,
389 1503 451 1541 32,
479 1504 517 1537 4;
544 1503 602 1541 28,
632 1503 691 1543 16,
723 1505 771 1535 lo.
799 1521 844 1524 —

165 1558 310 1587 possessa
338 1557 400 1577 von
419 1549 558 1586 possido.

218 1594 338 1626 5-10.
361 1595 483 1633 miquo,
506 1592 587 1622 noch
612 1592 703 1623 mehr
723 1592 772 1623 als
792 1592 844 1623 bei

169 1637 313 1680 Byzanz.
333 1656 375 1659 —
392 1641 500 1677 divis„
531 1648 555 1668 5.
584 1639 637 1674 36,
668 1639 717 1678 15,
745 1639 774 1670 6.
800 1656 843 1659 -

168 1685 312 1722 accensi;
335 1686 492 1724 mmlc'osq.
519 1687 593 1721 etc,
622 1683 687 1723 xgl.
710 1686 761 1719 10,
792 1686 841 1723 17,

171 1730 210 1769 93
245 1730 299 1769 37,
333 1730 387 1769 24,
415 1731 452 1768 Τ,
487 1728 567 1760 iiber
597 1729 657 1759 dcn
687 1729 843 1760 W⁷ct÷hsel

170 1774 228 1805 der
252 1773 406 1814 subjecte.
434 1776 462 1809 1.
492 1776 542 1813 15,
573 1775 599 1806 1.
626 1776 845 1815 —p7·czefcct.‚

169 1819 230 1851 den
267 1819 427 1861 Satrapen
459 1820 538 1851 iiber
572 1819 624 1850 dic
659 1820 845 1860 gegeuiiber

168 1864 317 1906 liegcnde
359 1864 473 1897 Hiistc.
507 1883 550 1887 —
584 1869 716 1904 leutius,
760 1866 843 1897 ohne

167 1909 269 1951 Eiscr,
298 1910 415 1951 usage,
442 1912 588 1951 dagcgen
615 1911 659 1941 ist
682 1913 747 1943 alia
766 1923 845 1942 rm·-

167 1967 223 1988 sus
258 1967 338 1988 nova
373 1956 612 1998 pleonastisch,
648 1956 712 1997 xgl.
740 1959 776 1996 5,
813 1959 843 1997 5,

170 2002 200 2034 6.
240 2019 283 2023 —
322 2003 503 2036 Macedon„
543 2002 583 2032 da
618 2001 675 2032 das
702 2002 844 2033 seleuci-

169 2045 278 2078 dische
313 2046 416 2078 Reich
448 2047 531 2077 noch
563 2047 611 2077 als
649 2046 698 2078 ein
736 2058 844 2079 muce-

169 2092 340 2123 donisches
366 2093 453 2133 galt,
487 2103 511 2123 5.
538 2095 599 2131 37,
636 2094 695 2131 54,
722 2095 775 2126 24.
801 2111 844 2115 -—

167 2144 235 2169 tect.
270 2148 302 2169 n.
340 2156 381 2159 -—
415 2140 520 2177 lomb„
556 2139 616 2177 35,
651 2139 710 2173 26,
750 2140 775 2170 1.
801 2157 844 2161 —-

167 2185 352 2223 Nicomede,
392 2183 450 2214 der
486 2183 603 2214 zxxeite
640 2181 747 2223 lionig
782 2194 843 2214 1011

166 2228 362 2270 Bithyniam,
400 2228 487 2259 Sohn
522 2229 577 2259 (165
602 2228 755 2260 Ziboctcs
782 2230 845 2260 und

167 2273 292 2305 Bruder
318 2274 373 2305 (165
398 2274 441 2305 1111
458 2273 551 2314 Folg.
570 2275 764 2305 ωλι-0111111160
787 2273 844 2304 Zi-

167 2318 297 2355 boetcs;
332 2330 394 2349 von
421 2319 541 2350 diesem
566 2319 630 2350 und
659 2320 729 2350 dem
754 2319 844 2361 syri-

166 2364 265 2395 schen
296 2363 404 2404 Hunig
438 2364 617 2396 Antiochus
644 2364 666 2396 I.
694 2364 843 2405 bedroht,

168 2409 295 2440 schloss
332 2420 368 2441 cr
404 2410 455 2441 cin
493 2410 652 2441 b'iindniss
688 2410 747 2441 mit
782 2410 842 2441 ‹lcn

169 2453 330 2495 Gallieni,
360 2455 391 2485 in
413 2455 513 2496 Folge
540 2456 654 2487 desscn
682 2456 738 2486 das
759 2454 844 2486 Hecr

169 2499 337 2531 dei-selben
364 2501 394 2531 in
421 2500 532 2531 scincn
554 2501 669 2532 11161151
695 2505 775 2531 frat.
798 2519 843 2522 —

912 1458 1054 1498 tramis,
1092 1456 1271 1489 279—278
1305 1466 1333 1488 a.
1367 1455 1441 1487 Chr.
1475 1472 1518 1477 —
1557 1458 1590 1487 in

912 1504 1039 1541 Asiam,
1066 1502 1107 1532 da
1135 1501 1182 1533 sie
1206 1502 1306 1532 schon
1331 1500 1363 1532 in
1378 1500 1480 1532 Asien
1498 1501 1589 1532 sind:

914 1547 1034 1578 xxeiter
1070 1546 1101 1577 in
1138 1546 1261 1586 Asien,
1298 1556 1323 1577 s.
1362 1544 1382 1586 ξ
1419 1548 1478 1586 123
1518 1546 1590 1577 ihre

913 1592 1089 1632 Raubziige
1115 1592 1197 1622 nach
1224 1591 1331 1629 Milet,
1367 1590 1515 1631 Ephesus
1541 1591 1590 1622 bis

914 1639 996 1668 nach
1021 1636 1251 1668 Themisonion
1287 1636 1359 1668 sind
1390 1636 1589 1678 beriichtigt,

913 1694 936 1713 s.
963 1683 1097 1714 Anthol.
1124 1681 1181 1716 Gr.
1208 1684 1246 1721 3,
1273 1683 1334 1721 23,
1364 1684 1426 1723 293
1451 1681 1590 1716 Pausan.

917 1730 967 1769 10,
989 1730 1042 1768 32,
1062 1731 1080 1761 5
1102 1740 1132 1761 u.
1159 1738 1187 1759 a.
1206 1746 1251 1750 —
1267 1735 1399 1768 armata,
1425 1739 1449 1759 s.
1477 1729 1529 1767 31,
1557 1729 1589 1768 2,

914 1775 953 1809 9ς
989 1774 1069 1805 iiber
1103 1774 1154 1805 (116
1181 1773 1385 1814 Auslassung
1414 1784 1476 1804 von
1501 1776 1593 1805 milla

914 1821 968 1855 36.
993 1821 1023 1857 4,
1051 1822 1081 1852 5.
1109 1838 1151 1842 »-
1168 1821 1297 1858 pariter
1320 1822 1376 1851 ult.
1394 1822 1591 1860 propinquis

913 1865 1041 1895 scheint
1054 1865 1105 1897 die
1120 1864 1239 1896 Lesurt
1253 1864 1337 1896 aller
1353 1864 1423 1896 Hss.
1450 1875 1490 1896 zu
1506 1864 1588 1904 sein,

915 1910 1065 1951 ohgleich
1090 1914 1181 1942 sonst
1206 1914 1275 1941 erst
1297 1910 1430 1952 spiitere
1454 1910 1590 1941 Dichter

914 1956 974 1987 den
998 1956 1099 1987 Dativ
1125 1956 1220 1994 (nach
1246 1955 1399 1987 Anderen
1429 1956 1490 1987 den
1517 1955 1588 1986 Ab-

913 2001 989 2041 lnt.)
1014 2001 1074 2032 mit
1092 2004 1220 2040 pariter
1246 2001 1423 2032 verbinden
1442 2001 1506 2032 und
1535 2000 1589 2032 bei

915 2046 951 2078 L.
982 2051 1109 2086 pariter
1149 2049 1276 2079 ultimae
1314 2058 1349 2078 ac
1377 2049 1590 2087 propinquae,

908 2095 1036 2132 pariter
1061 2099 1089 2125 et
1114 2111 1157 2114 —
1182 2099 1208 2124 et
1232 2103 1261 2123 u.
1288 2092 1339 2124 11..
1373 2103 1399 2123 5.
1424 2102 1452 2123 c.
1477 2093 1531 2130 48,
1557 2093 1589 2132 6,

916 2148 955 2169 zu
981 2143 1145 2169 eruin-teu
1173 2138 1274 2177 ware,
1301 2137 1367 2178 vgl.
1388 2137 1510 2178 jedoch
1535 2138 1589 2177 24,

920 2185 969 2222 19,
997 2186 1035 2216 ὕε
1064 2187 1162 2216 iaxta.

965 2230 1107 2264 11—15.
1144 2236 1206 2261 tres
1230 2235 1325 2270 yent.,
1353 2228 1472 2260 ebeuso
1492 2227 1589 2259 Stra-

914 2274 953 2304 bo
976 2276 1025 2313 12,
1046 2277 1076 2313 5,
1099 2276 1117 2307 2
1135 2285 1163 2316 p.
1184 2276 1268 2316 5573
1292 2273 1373 2305 Plin.
1397 2276 1425 2314 5,
1446 2275 1500 2315 42,
1527 2274 1589 2306 146

915 2324 1013 2350 neunt
1047 2321 1205 2351 inehrere.
1248 2338 1292 2341 —
1336 2322 1531 2361 Ikotosayes,
1562 2329 1588 2351 5.

912 2365 928 2402 ἓ
962 2367 1021 2403 12,
1057 2365 1119 2396 uie
1150 2365 1202 2396 bei
1228 2365 1351 2396 Caesar
1380 2362 1425 2404 ’6,
1455 2366 1515 2403 24,
1549 2365 1588 2403 2;

913 2410 1058 2450 dagegen
1082 2413 1241 2451 Tectosayi
1269 2421 1294 2441 c.
1321 2412 1375 2449 26,
1409 2411 1447 2446 3;
1478 2410 1526 2443 18.
1550 2410 1588 2449 3;

916 2458 968 2494 10,
997 2458 1036 2493 23
1074 2467 1135 2487 x‘on
1164 2456 1412 2487 unbestimmter
1437 2454 1534 2486 Form
1559 2464 1588 2488 c.
1628 2478 1631 2479 ν

913 2502 966 2539 25,
996 2502 1009 2532 1
1030 2503 1239 2543 Tectosaqmn.
1256 2519 1299 2523 -
1314 2506 1378 2542 Qua
1391 2518 1433 2523 -Α
1447 2511 1588 2540 suorum,
