1715 2723
87 114 114 133 a..
134 105 185 133 Ch.
204 105 264 131 191.

536 103 660 137 LIBER
685 104 847 137 XXXVI.
873 103 964 136 CAP.
990 105 1061 138 22:

1423 103 1504 145 125

92 222 161 249 seu
181 207 324 247 erroris
347 207 471 246 venia.
510 213 547 246 et
572 214 715 246 ceteras
737 208 914 246 Graeciae
938 207 1104 246 civitates
1128 207 1313 246 defecisse
1335 218 1380 245 eo
1403 206 1503 244 bello
1524 210 1542 242 2

91 266 138 305 ab
159 265 301 316 optime
323 264 469 303 meritis
480 264 684 310 Romanis3
708 263 774 301 sed
798 264 886 314 quia
900 265 1130 315 postfugam
1143 263 1255 314 regis,
1278 263 1387 302 cuius
1400 262 1503 301 fidu-

93 321 148 360 cia
174 321 301 359 officio
333 320 599 366 decessissent,
631 332 712 357 11011
739 319 974 359 addidissent
1003 320 1254 371 pertinaciam
1286 319 1432 370 culpae,
1463 319 1504 357 in

90 377 207 416 fidem
226 382 398 427 receptas
421 389 526 423 esse;
556 376 711 415 Aetolos
734 387 903 426 quoque,
926 388 1164 427 quamquam
1186 388 1265 414 non
1287 376 1408 414 secuti
1428 375 1505 414 sint
1525 377 1543 409 3

90 445 234 485 regem,
265 433 331 472 sed
353 433 608 479 aecersierint,
638 437 674 470 et
699 431 816 470 duces
839 432 937 479 belli,
964 444 1045 471 non
1066 432 1160 470 socii
1182 432 1339 479 fuerint,
1359 432 1391 470 si
1411 444 1504 483 pae-

90 490 212 529 nitere
239 489 400 540 possint,
430 501 544 540 posse
574 495 610 527 et
637 488 845 526 incolumis
873 501 968 527 esse.

1026 488 1073 526 ad
1095 501 1138 526 ea
1159 500 1248 527 cum
1269 488 1390 539 pacati
1411 488 1506 527 nihil
1524 496 1545 528 4

90 546 405 597 responderetur,
434 550 712 596 appareretque
742 544 859 582 armis
880 556 963 583 rem
986 544 1197 595 gerendam
1218 549 1254 582 et
1273 557 1363 595 rege
1384 557 1505 595 supe-

89 608 173 641 rato
204 602 347 641 bellum
366 602 578 640 Aetolicum
608 601 802 651 integrum
832 606 988 647 restare,
1017 606 1138 639 castra
1164 600 1210 639 ab
1232 600 1506 652 Thermopylis

90 659 137 698 ad
158 659 381 697 Heracleam
400 657 531 704 movit,
553 669 679 707 eoque
699 657 784 707 ipso
806 657 878 703 die,
907 662 951 696 ut
972 657 1087 696 situm
1108 662 1287 695 nosceret
1307 656 1427 703 urbis,
1458 657 1505 695 ab

93 715 200 753 omni
229 720 334 765 parte
365 725 465 764 equo
498 714 651 752 moenia
671 719 729 752 est
751 713 1045 752 circumvectus.

1097 713 1166 752 sita
1186 718 1244 751 est
1264 712 1447 751 Heraclea
1466 713 1505 751 in
1526 724 1545 756 5

90 770 284 809 radicibus
305 770 420 809 Oetae
448 770 604 817 montis,
633 770 717 820 ipsa
736 769 777 808 in
800 782 949 820 campO,
979 782 1107 808 arcem
1130 769 1397 808 imminentem
1418 769 1505 807 loco

89 828 164 866 alto
196 832 232 865 et
260 827 434 877 undique
454 826 650 877 praecipiti
665 825 789 865 habet.
831 826 1113 876 contemplatus
1135 826 1278 872 omnia,
1310 837 1407 876 quae
1430 837 1506 863 no-
1526 839 1545 871 6

90 883 232 922 scenda
262 888 380 930 erant,
410 889 592 934 quattuor
621 883 737 921 simul
766 883 859 921 locis
890 882 1044 933 aggredi
1067 882 1204 921 urbem
1228 882 1436 920 constituit.

1486 894 1545 928 37

91 940 252 979 flumine
271 940 413 990 Asopo,
446 952 520 990 qua
544 945 580 978 et
602 939 847 990 gymnasium
871 945 938 985 est,
961 939 1004 977 L.
1027 939 1221 977 Valerium
1241 938 1425 989 operibus
1447 944 1505 976 at-

91 1007 166 1046 que
187 996 465 1047 oppugnationi
484 996 726 1047 praeposuit3
747 995 793 1034 ab
816 1008 903 1034 aree
925 1000 1031 1034 extra
1051 1007 1200 1042 muros,
1223 1007 1298 1045 qua
1320 996 1508 1045 frequen-

88 1123 204 1150 eeteras
226 1117 272 1149 ist
303 1118 473 1149 entweder
508 1117 764 1150 iiberbietender

88 1163 272 1203 Ausdruck‚
297 1163 337 1194 da
360 1163 466 1204 einige
491 1167 565 1195 treu
590 1163 763 1204 geblieben

89 1218 216 1246 waren,
243 1208 322 1240 oder
339 1218 373 1240 es
390 1208 435 1239 ist
460 1219 501 1239 an
518 1211 655 1241 civitates
680 1213 765 1240 statt

91 1264 133 1285 an
159 1255 307 1286 Graeciae
339 1253 495 1293 (Gronov.
529 1253 606 1285 liest
637 1254 765 1295 ceterae)

89 1299 360 1340 angeschlossen:
385 1298 522 1331 Staaten
546 1299 589 1330 im
612 1299 762 1340 iibrigen,

89 1344 230 1376 Staaten
254 1348 347 1376 sonst
375 1344 407 1374 in
436 1343 691 1378 Griechenland.
721 1362 763 1367 —

88 1391 197 1431 officio
224 1392 299 1428 dee,
325 1389 393 1430 vgl.
421 1391 474 1430 37,
501 1393 555 1431 54,
580 1391 618 1430 93
648 1391 709 1430 133
731 1391 763 1430 3,

88 1437 144 1475 46,
180 1437 217 1469 3:
250 1437 403 1468 decederet
427 1437 496 1467 iure
518 1447 573 1467 suo
608 1447 638 1467 u.
665 1446 705 1474 a.,
735 1446 761 1468 s.

90 1491 117 1512 e.
147 1482 198 1520 13,
234 1483 264 1513 4.
293 1500 334 1506 -
369 1483 403 1512 in
431 1483 494 1522 fid.
526 1492 599 1519 ree,
640 1481 765 1513 wieder

91 1526 141 1557 als
181 1527 469 1567 Bundesgenossen
520 1536 763 1567 angenommen.

91 1590 125 1594 -
160 1574 257 1604 secuta·
279 1586 321 1592 —
339 1574 424 1613 socii,
449 1571 647 1612 chiastischg
672 1575 764 1605 duces

90 1627 117 1648 s.
144 1618 176 1656 9,
205 1618 256 1655 14,
283 1618 340 1650 14:
365 1619 458 1649 duces
481 1619 561 1650 sicut
586 1619 657 1649 belli
681 1622 763 1658 etc.;

92 1661 161 1694 Cic.
205 1662 294 1693 Lael.
350 1663 400 1702 11,
450 1663 504 1694 37.
543 1681 587 1684 —
625 1666 764 1703 possint,

85 1719 189 1748 posse,
214 1707 384 1739 Chiasmus
410 1707 579 1739 desselben
615 1708 764 1750 Begriffs,

90 1751 242 1784 Riihnast
278 1754 362 1793 3273
401 1754 476 1786 329.
515 1771 558 1776 ——-
588 1756 764 1794 paenitere,

90 1798 239 1829 absolut:
265 1797 353 1830 Reue
380 1798 570 1840 empfinden,
594 1799 659 1830 und
687 1809 764 1842 per-

89 1843 227 1884 so'nlich,
255 1854 281 1875 s.
310 1845 339 1884 1,
365 1844 418 1882 35,
448 1847 485 1883 53
511 1843 625 1876 lustin.
655 1846 706 1887 11,
732 1846 764 1886 3,

93 1891 131 1921 3:
156 1891 364 1922 Athenienses
381 1891 486 1928 primi
500 1892 665 1929 paenitere
695 1901 763 1922 eoe-

87 1942 225 1974 perun&
247 1934 337 1966 Suet.
364 1934 480 1968 Vitell.
510 1937 567 1969 15:
585 1938 762 1976 paenitens.

137 2027 236 2059 4—8.
257 2027 366 2064 pacati
386 2042 429 2047 —
454 2026 611 2066 nih„31‚
647 2026 698 2062 17,
730 2028 762 2059 4.

97 2087 138 2092 -
163 2072 327 2111 Heraclea,
361 2081 388 2102 c.
429 2072 480 2112 16,
514 2051 552 2110 3,
586 2070 706 2102 Strabo
731 2072 762 2109 9,

91 2116 205 2156 4,13
243 2126 272 2157 p.
297 2117 381 2149 428·
419 2095 614 2149 ‘Hminem
659 2134 701 2138 -
741 2114 762 2158 ἡ

95 2161 236 2206 TQaAm
299 2151 505 2206 καλουμένη
569 2157 762 2208 710616002,

91 2206 406 2259 ΛακεδαιμονίωΊ
444 2209 600 2251 κτίσμα,
651 2192 762 2250 διέχει

92 2252 152 2291 τῆς
190 2249 344 2295 ἀρχαίας
388 2254 566 2298 Τραχῖνος
602 2253 683 2298 περὶ
728 2252 765 2291 ἓξ

92 2297 277 2335 σταδίοις,
301 2296 449 2339 Τὴυοῃά.
474 2299 505 2338 3,
532 2299 585 2331 92.
612 2309 761 2339 —equo,

91 2343 229 2382 34,15
254 2343 284 2374 3.
309 2360 355 2365 —
384 2346 419 2374 in
444 2355 561 2383 eampO,
589 2343 706 2375 Herod.
733 2346 762 2386 7,

96 2367 174 2421 19⁷9:
219 2390 359 2441 Τρηχὶς
389 2387 429 2422 δὲ
464 2387 570 2425 πόλις
594 2385 669 2421 ἀπὸ
697 2391 763 2422 τοῦ

93 2435 267 2471 Μέλαίος
293 2430 425 2467 τούτου
455 2435 631 2486 ποταμοῦ
654 2436 722 2467 7151
726 2446 762 2468 τε

94 2475 227 2511 στάδια
258 2477 407 2531 ἅπεχει.
460 2492 567 2532 ταυτῃ
610 2478 651 2512 δὲ
702 2482 761 2513 καὶ

92 2520 290 2569 εὐρυτατόν
314 2525 387 2559 ἐστι
420 2522 541 2567 πάσης
563 2525 624 2567 τῆς
643 2521 763 2570 χώοης

832 1115 974 1159 ταύτης.
1008 1134 1053 1140 —
1085 1114 1249 1161 δισχίλια
1282 1128 1319 1150 τε
1350 1116 1423 1163 γὰρ
1449 1118 1507 1150 καὶ

833 1160 1012 1210 δισμύρια
1057 1164 1217 1214 πλέθρα
1254 1164 1322 1196 τοῦ
1374 1162 1508 1196 πεδίου

833 1207 920 1241 ἐστί.
946 1228 990 1231 —
1015 1211 1080 1241 loeo
1106 1220 1147 1250 a.,
1174 1208 1238 1240 wie
1271 1209 1325 1249 32,
1350 1211 1382 1248 4,
1410 1209 1440 1259 3
1472 1226 1509 1231 —

832 1256 951 1293 Asopo,
978 1254 1097 1286 Hexod.
1124 1253 1357 1286 1.1.;τοῦδὲ
1383 1249 1510 1307 οὔρεος

833 1317 877 1322 —-
918 1299 992 1333 ἔσιι
1024 1297 1192 1344 διασφὰξ
1236 1298 1372 1341 (hiatus)
1416 1298 1510 1354 πρὸς

832 1347 1139 1397 μεσαμβρίητ
1155 1347 1357 1398 Τρηχῖνος,
1384 1342 1447 1377 δια
1469 1344 1509 1378 δὲ

832 1390 894 1431 τῆς
921 1386 1145 1444 διασῳαγος
1152 1387 1315 1428 Ἀσωπὸς
1338 1389 1510 1435 ποταμὸς

832 1435 903 1489 ῥέει
956 1435 1060 1481 aaa&
1109 1435 1175 1477 τὴν
1229 1433 1399 1478 finwpsm
1445 1437 1511 1469 τοῦ

833 1477 879 1514 οὗ
903 1492 968 1519 εος.
986 1498 1030 1504 -—
1048 1488 1077 1514 ee
1093 1493 1213 1524 styma,
1229 1492 1344 1513 ausser
1367 1481 1509 1513 audeleu

834 1526 1021 1558 Geauden.
1053 1529 1153 1560 —1
1150 1506 1240 1567 alee’u,
1274 1538 1301 1558 c
1331 1529 1382 1566 17,
1413 1528 1509 1560 1.—

832 1574 870 1604 ab
909 1584 982 1605 aree
1022 1576 1096 1612 etc.⁷
1130 1572 1181 1604 (lie
1219 1572 1323 1604 Stelle
1356 1572 1402 1603 ist
1433 1573 1510 1604 sehr

832 1617 996 1658 unsicher,
1025 1619 1065 1649 da
1095 1618 1146 1650 die
1181 1617 1318 1650 meisten
1351 1617 1422 1649 Hss.
1448 1629 1510 1649 nur

829 1666 1012 1703 praeposuit
1023 1665 1234 1705 frequemius
1249 1667 1311 1695 etc.
1328 1663 1445 1701 haben,
1456 1663 1508 1695 die

834 1708 896 1740 MZ.
900 1711 1087 1749 praeposuit
1094 1720 1196 1741 arcem
1204 1716 1293 1741 extra
1300 1720 1408 1740 muros
1418 1720 1509 1750 quae,

833 1764 904 1785 was
939 1754 1031 1785 nicht·
1065 1754 1189 1795 richtig
1224 1753 1293 1786 sein
1328 1754 1427 1796 kann,
1452 1764 1508 1786 so-

833 1799 900 1830 wol
924 1810 1039 1841 wegen
1053 1807 1142 1832 extra
1159 1811 1277 1839 muros,
1306 1799 1373 1840 vgl.
1398 1810 1426 1831 c.
1453 1801 1507 1839 24,

834 1847 865 1884 4,
891 1845 956 1876 und
993 1846 1048 1877 des
1085 1845 1243 1887 geringen
1271 1844 1425 1886 Umfangs
1451 1845 1510 1877 der

833 1890 921 1931 Burg
959 1901 987 1922 c.
1029 1893 1083 1931 24,
1130 1893 1180 1934 11,
1220 1891 1269 1922 als
1306 1891 1390 1922 auch
1430 1890 1508 1922 weil

832 1935 1042 1977 Sempronius
1068 1936 1158 1967 nieht
1190 1936 1241 1968 die
1274 1935 1424 1977 Aufgabe
1449 1937 1508 1968 hat

833 1981 884 2012 die
919 1981 1005 2023 Burg
1037 1992 1077 2013 zu
1110 1982 1308 2024 bestiirmen,
1340 1992 1364 2013 s.
1396 1991 1424 2013 c,
1452 1983 1506 2020 24,

833 2028 871 2066 23
900 2026 943 2058 ib.
970 2030 988 2061 5
1009 2027 1052 2067 ff„
1082 2027 1160 2059 oder
1196 2028 1294 2059 deren
1322 2027 1508 2068 Besatzung

832 2082 872 2103 zu
904 2072 1120 2114 beobachten,
1156 2083 1276 2104 wovon
1309 2072 1381 2104 sic-h
1412 2072 1507 2104 keine

832 2117 1031 2160 Andeutung
1079 2119 1198 2160 findet,
1247 2119 1387 2150 sondern
1436 2118 1507 2149 sich

831 2163 929 2205 ruhig
963 2175 1003 2195 zu
1035 2164 1222 2204 verhalten,
1265 2164 1315 2195 bis
1347 2163 1417 2195 sich
1454 2163 1506 2194 die

831 2208 969 2241 Aetoler
986 2208 1046 2241 auf
1060 2209 1111 2241 die
1125 2209 1299 2241 seheinbar
1325 2209 1505 2240 bedrohten

830 2253 961 2287 Punkte
994 2259 1161 2287 zerstreut
1193 2255 1311 2294 haben,
1350 2255 1454 2286 daher
1478 2264 1505 2285 c.

831 2301 885 2341 24,
922 2302 959 2333 5:
991 2311 1092 2341 neque
1123 2319 1164 2323 —-
1198 2303 1319 2337 aderat,
1352 2299 1417 2331 wie
1449 2301 1503 2337 27,

835 2347 887 2384 15,
915 2348 955 2380 14
980 2357 1011 2377 u,
1037 2356 1067 2378 a.
1114 2346 1161 2377 Da
1192 2345 1228 2377 L.
1262 2344 1321 2376 auf
1348 2345 1409 2376 den
1435 2344 1506 2376 drei

830 2391 974 2423 anderen
1008 2391 1120 2423 Seiten
1158 2391 1209 2423 die
1242 2390 1407 2431 Richtung
1445 2400 1506 2422 an-

830 2436 931 2476 giebt.
956 2436 989 2467 in
1013 2437 1158 2468 welcher
1184 2437 1242 2468 der
1268 2436 1376 2467 Sturin
1402 2434 1506 2467 erfol-

831 2491 891 2521 gen
918 2481 999 2513 soll:
1027 2484 1063 2514 ab
1082 2484 1200 2522 Asopo,
1227 2492 1291 2513 von
1318 2481 1431 2520 Osten,
1453 2491 1505 2512 wo

831 2526 888 2558 das
918 2526 1074 2570 Gymnas.
1110 2528 1167 2560 der
1200 2527 1372 2559 iistiichste
1398 2526 1507 2558 Puukt
