1715 2723
157 526 176 558 3
204 524 274 558 ret.

211 142 237 180 6
667 133 793 166 LIBER
810 131 940 166 XXXI.
967 131 1059 165 CAP.
1078 131 1110 165 3.
1128 133 1161 165 4.

1468 152 1494 169 ιι.
1510 151 1538 169 u.
1553 143 1616 170 553.

321 240 419 278 Cum
448 237 621 288 primum
650 240 830 275 senatum
859 234 995 274 habuit
1022 234 1212 273 universis
1240 234 1538 286 postulantibus,
1568 248 1618 275 ne

207 308 324 347 quam
345 295 453 346 prius
474 305 559 332 rem
582 305 700 344 quam
724 292 770 330 de
791 291 970 342 Philippo
991 302 1035 329 ac
1055 290 1251 330 sociorum
1273 291 1454 342 querellis
1475 297 1615 342 ageret,

157 359 177 390 2
205 353 373 391 relatum
393 349 588 400 extemplo
604 353 684 395 est,
707 348 952 398 decrevitque
967 347 1150 397 frequens
1168 352 1339 393 senatuS,
1361 352 1406 386 ut
1422 348 1465 386 P.
1487 348 1617 387 Aelius

207 407 342 446 consul
359 418 476 458 quem
487 405 682 444 videretur
697 404 730 443 ei
747 416 836 442 cum
852 403 1016 454 imperio
1034 403 1219 450 mitteret,
1232 403 1298 455 qui
1311 403 1430 442 classe
1447 408 1614 455 accepta,

206 475 322 514 quam
351 476 400 502 ex
425 461 553 501 Sicilia
577 461 644 500 Cn.
670 461 849 499 Octavius
872 459 1095 506 reduceret,
1120 460 1160 498 in
1182 459 1446 499 Macedoniam
1475 460 1616 499 traice-

330 518 378 557 M.
417 518 589 556 Valerius
624 517 814 555 Laevinus
848 520 1078 567 propraetor
1114 515 1256 554 missus
1293 516 1391 554 circa
1424 516 1616 555 Vibonem

205 574 587 626 duodequadraginta
604 573 763 612 navibus
781 572 828 612 ab
845 572 912 611 Cn.
932 571 1090 611 Octavio
1112 572 1278 623 acceptis
1296 572 1335 609 in
1350 572 1616 611 Macedoniam

154 637 175 668 4
203 631 430 670 transmisit.
473 630 519 669 ad
543 642 661 681 quem
692 642 783 668 cum
803 628 852 667 M.
874 629 1052 667 Aurelius
1081 628 1228 679 legatus
1249 628 1417 667 venisset
1436 628 1615 668 edocuis-

202 692 338 739 setque
361 699 463 733 eum,
487 691 654 737 quantos
672 685 875 731 exercitus,
895 690 1086 736 quantum
1103 687 1261 724 navium
1278 696 1486 723 numerum
1504 697 1614 723 com-

155 752 174 783 5
203 748 376 795 parasset
396 755 475 789 reX,
500 755 617 793 quem
639 742 685 781 ad
708 742 870 780 modum
889 742 986 780 circa
1004 741 1131 779 omnis
1149 753 1229 780 non
1245 741 1478 780 continentis
1495 741 1614 780 modo

203 799 333 846 urbes,
357 799 424 838 sed
446 798 564 837 etiam
585 799 728 836 insulas
749 797 891 848 partim
907 797 990 848 ipse
1006 797 1196 844 adeundo,
1218 797 1359 848 partim
1381 809 1450 848 per
1468 797 1614 848 legatos

156 862 175 893 6
204 855 375 895 conciret
395 855 576 893 homines
598 854 644 893 ad
667 866 793 901 arma,
816 854 963 893 maiore
980 858 1121 892 conatu
1141 853 1326 892 Romanis
1348 853 1386 891 id
1407 865 1613 904 capessen-

204 912 297 950 dum
326 911 471 950 bellum
500 922 596 956 esse,
626 922 675 948 ne
705 910 976 948 cunctantibus
1005 910 1050 947 iis
1082 910 1241 948 auderet
1262 909 1474 960 Philippus,
1506 910 1612 960 quod

204 967 373 1018 Pyrrhus
394 966 501 1017 prius
524 978 640 1004 ausus
663 978 708 1003 ex
730 966 927 1015 aliquanto
950 965 1101 1003 minore
1122 977 1241 1015 regno
1264 970 1377 1003 esset.
1399 966 1494 1003 haec
1514 965 1612 1004 scri-

202 1022 295 1062 bere
315 1023 452 1061 eadem
474 1022 673 1060 Aurelium
695 1021 918 1060 consulibus
940 1021 1167 1071 senatuique
1187 1020 1342 1071 placuit.

319 1079 435 1117 Exitu
449 1078 566 1116 huius
574 1077 662 1115 anni
680 1089 769 1116 cum
785 1078 831 1115 de
840 1077 937 1127 agris
946 1082 1119 1115 veterum
1136 1077 1301 1115 militum
1312 1076 1477 1114 relatum
1494 1082 1610 1126 esset,

206 1135 273 1185 qui
288 1135 409 1174 ductu
429 1139 544 1184 atque
572 1133 743 1184 auspicio
765 1133 807 1171 P.
832 1132 1020 1183 Scipionis
1051 1132 1092 1170 in
1112 1133 1239 1171 Africa
1259 1132 1403 1170 bellum
1423 1132 1609 1182 perfecis-

249 1246 290 1285 3.
331 1252 619 1293 Vorbereitungen
649 1262 721 1283 zum
744 1250 868 1292 Rriege

203 1298 264 1329 mit
276 1296 456 1339 Philippus.

251 1342 325 1373 1-2.
358 1344 446 1373 ιιηίυ.
460 1344 562 1384 post„
585 1352 610 1372 s.
630 1340 683 1381 26,
704 1341 735 1381 2,
754 1340 789 1371 3:
815 1341 868 1380 29,

205 1387 258 1427 15,
284 1387 318 1425 13
344 1387 375 1418 4.
398 1405 442 1409 -—
464 1390 584 1428 ageret
613 1397 674 1417 zur
697 1386 869 1418 Verhand-

203 1431 283 1471 lung
299 1432 426 1472 bringe,
449 1431 551 1462 durch
568 1431 714 1463 relatum
731 1436 794 1462 etc.
813 1441 868 1461 61·-

202 1476 303 1508 klart.
326 1495 370 1499 -—
393 1487 490 1517 quem
515 1476 577 1507 vid.
603 1478 648 1517 ei,
678 1487 710 1507 n.
732 1478 869 1507 mittere

204 1521 284 1553 oder
305 1521 508 1552 mz'ttfflza'mn,
530 1532 612 1562 esse,
637 1531 662 1551 s.
681 1532 707 1551 6.
726 1522 756 1560 5,
775 1521 813 1559 33
835 1520 866 1560 S,

203 1567 242 1604 43
273 1566 305 1605 9,
338 1566 396 1603 1ος
429 1567 480 1605 15,
513 1566 546 1605 13
570 1566 622 1605 21,
647 1566 700 1604 62,
726 1566 742 1595 7
762 1577 793 1596 u.
809 1564 868 1605 oft,

202 1611 270 1651 vgl.
295 1611 349 1651 34,
377 1610 430 1650 56,
462 1611 511 1641 13.
536 1629 578 1633 —
601 1621 675 1642 eum
699 1612 791 1652 imp„
815 1610 868 1651 32,

206 1656 258 1695 16,
276 1656 305 1686 2.
325 1674 369 1678 -
385 1655 549 1696 reducem,
567 1656 610 1686 im
623 1655 750 1695 Begriff
763 1655 809 1685 sei
827 1666 869 1685 zu

202 1711 233 1731 u.
252 1710 278 1731 s.
298 1710 338 1730 w.
363 1718 405 1722 —
431 1700 553 1739 Oetam,
578 1710 603 1730 s.
629 1700 688 1739 30,
708 1700 761 1737 41,
786 1700 817 1739 7,
832 1709 869 1730 er

201 1745 248 1776 ist
269 1745 340 1776 also
367 1744 456 1775 nicht
479 1749 537 1776 mit
554 1744 664 1785 Scipio
687 1744 869 1784 zuriickge-

202 1790 309 1820 kehrt.
328 1808 372 1811 ——
389 1788 530 1830 Maced„
549 1789 602 1828 32,
620 1790 650 1828 3,
670 1789 700 1820 2.

250 1833 337 1864 3-4.
387 1834 564 1873 Valerius,
593 1832 868 1864 wahrsehcinlIch

203 1879 262 1909 der
286 1878 316 1908 in
342 1879 400 1909 der
423 1880 452 1909 3.
472 1879 601 1909 Decade
620 1877 667 1909 ost
686 1878 868 1917 erwiihnte,

202 1923 347 1954 welcher
370 1924 466 1963 lang-c
483 1923 558 1954 Zeit
575 1923 607 1953 in
626 1922 867 1954 Griechenland

202 1977 355 2009 gewesen
374 1978 454 2003 war,
472 1979 498 1999 s.
519 1968 572 2005 23,
592 1968 651 2005 243
671 1968 724 2006 24,
746 1970 802 2006 1ος
822 1968 865 1999 11).

201 2012 868 2053 4032ss,1;22;27‚11329,11;jetzt

201 2056 414 2089 Privatmann
439 2057 548 2088 crhiilt
565 2068 617 2096 er,
642 2058 705 2089 wie
723 2057 866 2088 Manlius

202 2101 257 2141 23,
272 2102 325 2141 34,
343 2102 394 2142 14,
409 2114 472 2133 von
486 2103 555 2133 (16111
571 2102 692 2133 Consul
706 2103 867 2134 (111300111-

201 2147 329 2178 mando.
348 2158 539 2190 -])νο])1·.,
563 2148 612 2179 als
633 2148 742 2190 Prop.,
769 2158 794 2179 S.
814 2148 866 2187 29,

203 2192 234 2231 6,
252 2191 283 2222 9.
302 2209 346 2214 —
364 2192 496 2232 l'c'hon„
520 2193 605 2224 Vibo
623 2193 776 2224 Valentia
795 2193 866 2224 eine

202 2236 405 2268 bcdeutendc
425 2236 618 2268 llafenstadt
642 2238 673 2268 in
691 2238 865 2279 Bruttium,

202 2282 287 2312 noch
304 2281 391 2321 jetzt
409 2282 552 2321 Vibona,
577 2283 645 2322 vgl.
669 2282 720 2323 21,
746 2283 798 2313 51.
824 2301 867 2305 —-

200 2328 387 2368 trans-tuis„
410 2327 614 2368 intransitiv,
637 2338 663 2358 s.
682 2328 735 2366 21,
759 2327 811 2368 20,
829 2328 866 2366 93

203 2370 257 2410 25,
276 2371 328 2411 31,
350 2372 399 2402 12.
419 2390 461 2394 —
480 2372 652 2409 Aurelius,
680 2372 732 2410 30,
756 2372 810 2411 42,
835 2372 865 2403 2.

201 2432 246 2438 -—-
261 2415 438 2452 edocentes„
456 2428 481 2447 s.
497 2417 550 2456 275,
570 2417 621 2455 255,
641 2418 670 2448 4.
690 2435 732 2439 ——
750 2419 864 2458 quant.

202 2470 277 2491 nav.
294 2471 351 2500 711„
377 2461 462 2492 Phil.
488 2462 654 2502 hatjctzr,
678 2462 743 2502 vgl.
764 2463 814 2502 28,
833 2462 864 2502 8,

205 2505 257 2543 14,
281 2505 354 2547 eim}
371 2506 573 2537 bedeutendc
596 2506 723 2547 Flotte,
748 2506 864 2549 Polyb.

206 2549 258 2590 16,
276 2550 312 2581 2:
335 2549 380 2590 ἠν
402 2549 441 2582 δὲ
465 2552 536 2582 τῶν
558 2551 627 2593 μὲν
644 2551 707 2582 τοῦ
727 2553 865 2583 Φιλίπ-

943 1262 1018 1283 που
1037 1250 1123 1283 ιεῶν
1141 1248 1181 1281 τὸ
1202 1249 1275 1290 πλῆ
1280 1253 1385 1286 9ος-
1398 1247 1609 1304 κατάφρακ-

942 1307 998 1327 τοι
1023 1297 1132 1347 τρεῖς
1143 1295 1201 1326 καὶ
1225 1292 1453 1335 πεντήκοντα
1476 1294 1544 1327 σὺν
1567 1295 1609 1328 δὲ

941 1337 1085 1375 τούτοις
1118 1336 1306 1391 ἄφρακτα,
1348 1340 1475 1383 λέμβοι
1514 1339 1556 1372 δὲ
1587 1360 1609 1364 -

940 1383 1072 1417 ἑκατὸν
1086 1386 1145 1416 ταὶ
1159 1382 1402 1425 πεντήκοντα,
1422 1385 1505 1416 (16611
1518 1395 1608 1418 muss

940 1430 1085 1461 dieselbe
1111 1430 1210 1461 sehon
1236 1430 1287 1461 ein
1311 1430 1390 1461 Jahr
1418 1431 1542 1462 vorher
1567 1441 1608 1462 zu

940 1476 1082 1506 anderen
1101 1474 1282 1513 Zwecken,
1314 1486 1339 1506 s.
1367 1486 1392 1506 6.
1418 1476 1449 1516 4,
1477 1476 1533 1516 14,
1551 1485 1608 1517 ge-

940 1521 1049 1551 riistet
1066 1529 1219 1560 gewesen
1237 1520 1319 1551 sein.

985 1565 1071 1596 5—6.
1111 1566 1218 1605 circa,
1248 1565 1297 1604 in,
1321 1563 1414 1596 auf—
1428 1566 1560 1603 umber,
1578 1576 1606 1596 s.

940 1621 967 1641 c.
986 1609 1040 1649 30,
1066 1610 1105 1648 73
1132 1609 1184 1649 28,
1208 1611 1237 1646 7,
1256 1610 1293 1647 93
1322 1610 1349 1647 l,
1369 1609 1400 1649 9,
1418 1608 1447 1640 2.
1466 1609 1607 1651 iit-salax,

940 1665 966 1685 s.
991 1654 1137 1694 dagegen
1161 1665 1189 1684 c.
1216 1655 1272 1695 15,
1296 1654 1325 1685 S.
1353 1672 1399 1676 —
1425 1654 1471 1685 ad
1496 1664 1606 1694 arma,

941 1699 1024 1729 nach
1052 1699 1124 1729 dein
1153 1698 1249 1739 Folg.
1278 1700 1514 1729 cunctantibus
1542 1703 1605 1731 etc.

942 1744 1055 1774 nimmt
1088 1744 1148 1774 der
1184 1741 1443 1774 Gew'zihrsmann
1474 1743 1545 1782 Ls',
1579 1754 1607 1776 s.

941 1800 966 1819 6.
985 1789 998 1819 1
1013 1799 1021 1826 3
1036 1787 1157 1819 Nissen
1173 1788 1225 1827 60,
1239 1798 1290 1826 an,
1304 1789 1380 1819 dass
1395 1788 1448 1818 die
1461 1787 1608 1820 Riistun—

939 1844 1003 1875 gen
1026 1843 1127 1873 geg-en
1147 1832 1228 1864 Rom
1250 1832 1414 1873 gerichtet
1435 1832 1523 1874 sind,
1549 1833 1607 1864 ob-

940 1878 1047 1919 gleich
1064 1877 1147 1908 Phil.
1165 1878 1300 1913 damals,
1323 1877 1480 1908 nachdeni
1497 1887 1534 1909 er
1550 1878 1607 1909 be·

940 1923 1022 1955 reits
1061 1923 1230 1962 begonnen
1269 1923 1327 1953 hat
1365 1922 1397 1953 in
1430 1922 1606 1963 Thracien,

940 1968 1041 1999 Asien
1059 1979 1090 1999 u.
1111 1968 1183 1998 dein
1200 1967 1355 2009 Archipel
1368 1967 1607 2008 Eroberuugen

940 2025 979 2044 zu
997 2013 1144 2052 macheu,
1162 2023 1189 2043 c.
1210 2012 1261 2051 16,
1280 2013 1309 2053 6,
1332 2022 1372 2043 an
1389 2013 1485 2044 einen
1500 2010 1606 2053 Krieg

939 2068 1044 2099 gegen
1068 2057 1150 2089 Rom
1180 2057 1269 2088 nicht
1297 2058 1425 2089 dachte.
1449 2075 1494 2081 —
1521 2059 1604 2090 min.

939 2113 1061 2145 regno,
1091 2114 1116 2133 s.
1141 2114 1167 2133 6.
1189 2102 1224 2141 7,
1243 2102 1275 2133 9.
1304 2121 1345 2124 -
1374 2103 1457 2134 haec
1483 2121 1505 2125 —
1532 2102 1605 2134 ead.

939 2148 1043 2179 durch
1056 2147 1434 2188 Auseinanderstellung
1447 2147 1605 2188 gehoben.

938 2212 982 2216 —
1000 2193 1125 2224 consul.
1142 2204 1224 2230 sen„
1244 2192 1296 2223 die
1313 2192 1465 2224 Berichte
1485 2202 1525 2223 an
1543 2193 1606 2223 (1611

939 2238 1056 2277 Senat,
1081 2249 1106 2268 s.
1132 2237 1266 2269 Einlcit.
1292 2236 1382 2277 31f.,
1406 2237 1540 2268 werden
1564 2248 1605 2269 an

939 2283 990 2314 die
1015 2282 1159 2313 Consuln
1185 2283 1264 2313 oder
1289 2282 1348 2313 den
1372 2287 1507 2323 praetor
1530 2282 1602 2313 urb.

938 2328 1118 2369 gerichtet,
1143 2328 1268 2359 welche
1291 2327 1458 2358 dieselben
1484 2327 1527 2358 im
1544 2327 1604 2358 Se—

937 2378 1013 2404 11616
1031 2378 1224 2413 vor-tingen,
1242 2372 1308 2412 vgl.
1328 2372 1380 2411 34,
1399 2372 1452 2409 61,
1473 2372 1523 2404 16.

983 2412 1023 2449 4.
1071 2416 1412 2457 Ackervertheilung,
1445 2416 1603 2457 Wahlen,

937 2462 1057 2505 Spiele.

985 2508 1072 2539 1—2.
1114 2509 1212 2549 agris
1239 2509 1300 2537 vet.
1330 2517 1388 2546 m„
1418 2506 1475 2537 das
1499 2505 1602 2545 Laud,

937 2552 1080 2584 welches
1111 2553 1209 2584 ihnen
1236 2552 1382 2592 gehfiren
1404 2551 1480 2583 soll.
1519 2550 1601 2582 Zum
