1715 2723
140 97 193 139 72
555 95 680 128 LIBER
703 95 851 129 xxxv.
881 95 973 128 CAP.
1000 99 1054 130 44.
1080 99 1133 130 45.

1399 103 1425 122 a.
1446 103 1474 122 u.
1496 95 1557 123 562.

139 201 189 240 tio
222 200 295 238 fuit
325 199 554 245 excusantis,
596 199 700 249 quod
731 203 836 238 tanto
868 198 1085 237 minoribus
1116 210 1184 249 spe
1214 203 1328 249 atque
1370 199 1554 249 opinione

101 261 120 293 3
143 256 318 295 omnium
342 255 461 305 copiis
474 255 652 293 venisset.
680 254 718 292 id
732 267 823 293 suae
838 255 1035 305 impensae
1055 267 1144 305 erga
1167 267 1232 293 eos
1248 255 1453 293 voluntatis
1470 267 1553 294 ma·-

141 313 290 351 ximum
321 311 461 349 debere
490 311 678 349 indicium
707 323 802 358 esse,
832 311 938 361 quod
958 323 1030 349 nec
1061 315 1214 361 paratus
1239 311 1327 349 satis
1353 311 1427 349 ulla
1456 323 1499 349 re
1519 317 1556 350 et

140 375 316 418 tempore
329 367 376 405 ad
397 367 657 417 navigandum
676 366 882 406 immaturo
904 366 1131 405 vocantibus
1153 366 1284 417 legatis
1302 378 1438 405 eorum
1451 367 1555 405 haud

142 429 293 475 gravate
325 422 533 462 obsecutus
563 428 663 462 esset
683 423 996 474 credidissetque,
1028 435 1114 461 cum
1143 435 1184 461 se
1214 422 1400 461 vidissent
1419 423 1554 469 Aetoli,

100 488 123 520 4
142 480 272 519 omnia
295 479 354 517 vel
373 479 413 517 in
436 491 476 517 se
498 492 576 518 uno
597 480 721 530 posita
743 479 933 530 praesidia
954 479 1237 518 existimaturos
1258 490 1353 517 esse.
1384 484 1556 517 ceterum

141 548 279 574 eorum
310 547 467 586 quoque
489 548 541 583 se,
572 548 741 588 quorum
766 535 975 586 expectatio
1002 536 1180 575 destituta
1200 534 1240 573 in
1260 535 1475 585 praesentia
1495 535 1554 573 vi-

102 598 122 628 5
142 592 288 639 deatur,
310 604 419 642 spem
443 592 597 630 abunde
618 593 882 643 expleturum:
904 604 993 630 nam
1017 592 1131 631 simul
1150 591 1322 642 primum
1344 591 1434 630 anni
1454 596 1554 630 tem-

141 660 215 698 pus
236 648 446 698 navigabile
465 648 706 699 praebuisset
727 661 843 695 mare,
867 660 1025 687 omnem
1046 661 1086 686 se
1110 647 1307 686 Graeciam
1328 647 1444 686 armis
1466 647 1556 686 viris

103 708 123 740 6
143 704 273 755 equis,
315 717 473 743 omnem
511 717 620 743 oram
660 705 889 743 maritimam
924 704 1108 743 classibus
1138 704 1443 754 completurum,
1484 714 1557 741 nec

141 761 339 811 impensae
369 773 441 799 nec
462 760 585 799 labori
611 773 683 799 nec
703 761 873 812 periculo
895 772 1116 810 parsurum,
1139 761 1264 798 donec
1286 760 1446 810 depulso
1469 771 1555 798 cer-

141 816 289 855 vicibus
322 829 458 855 eorum
488 817 649 867 imperio
671 818 847 856 Romano
872 816 1033 855 liberam
1054 829 1143 854 vere
1166 816 1363 855 Graeciam
1382 820 1495 866 atque
1515 815 1556 853 in

104 889 122 920 7
143 885 186 911 ea
215 873 410 923 principes
431 873 586 911 Aetolos
617 873 780 911 fecisset.
823 885 912 911 cum
942 872 1172 911 exercitibus
1194 877 1432 910 commeatus
1454 883 1555 921 quo-

144 941 219 979 que
250 929 376 967 omnis
407 929 558 979 generis
589 941 635 967 ex
666 929 753 967 Asia
783 934 992 974 venturos3
1022 929 1062 966 in
1093 928 1307 978 praesentia
1337 939 1451 965 curae
1473 939 1557 965 esse

143 985 286 1023 Aetolis
309 985 461 1031 debere,
491 990 533 1023 ut
553 985 661 1035 copia
682 985 868 1023 frumenti
889 984 968 1023 suis
985 989 1020 1022 et
1038 996 1193 1022 annona
1206 983 1411 1022 tolerabilis
1424 995 1557 1021 rerum

64 1047 122 1086 45
143 1041 301 1078 aliarum
329 1040 608 1091 suppeditetur.
658 1042 701 1079 In
733 1041 831 1079 hanc
862 1040 1090 1079 sententiam
1121 1052 1189 1078 rex
1220 1051 1310 1077 cum
1340 1050 1480 1089 magno
1511 1051 1556 1076 o-

103 1108 122 1140 2
143 1096 295 1134 mnium
315 1097 480 1135 adsensu
503 1098 656 1135 locutus
680 1097 863 1135 discessit.
894 1102 983 1147 post
1002 1096 1217 1135 discessum
1236 1096 1336 1146 regis
1347 1095 1557 1134 interduos

142 1152 335 1203 principes
366 1153 613 1199 Aetolorum,
654 1153 873 1192 Phaeneam
902 1159 938 1191 et
968 1153 1205 1198 Thoantem,
1247 1151 1441 1190 contentio
1473 1151 1557 1190 fuit.

104 1216 122 1247 3
143 1208 339 1248 Phaeneas
366 1209 654 1247 reconciliatore
675 1210 777 1260 pacis
800 1216 836 1248 et
857 1210 1108 1260 disceptatore
1133 1209 1179 1247 de
1194 1209 1251 1255 iis,
1283 1220 1381 1258 quae
1399 1208 1439 1246 in
1460 1219 1556 1246 con-

141 1337 274 1370 cusam„
315 1332 368 1372 34,
408 1333 462 1371 40,
501 1333 537 1363 3:
568 1334 679 1370 prima
714 1334 814 1364 oracio

133 1378 207 1417 fuit
228 1378 463 1415 permittentis;
487 1377 516 1415 8,
537 1377 590 1416 30,
620 1379 671 1416 10,
699 1377 765 1417 vgl.
788 1387 813 1408 c.

142 1423 196 1461 34,
223 1423 254 1454 9.
283 1439 327 1443 —-
351 1428 436 1453 tauto
461 1424 549 1461 min„
583 1432 619 1452 50
645 1421 726 1453 weit
753 1433 814 1453 nn-

141 1471 194 1498 ter
226 1477 256 1497 u.
289 1477 313 1498 S.
348 1476 388 1497 w.
431 1465 529 1497 Sonst
564 1468 653 1498 steht
685 1466 737 1498 bei
765 1478 817 1506 spe

140 1523 170 1543 u.
197 1511 226 1542 11.
252 1511 460 1551 gewtihnlich
485 1512 543 1543 der
577 1512 685 1543 blosse
719 1512 815 1543 Com-

139 1556 281 1598 parativ.
307 1575 350 1578 —
375 1559 546 1594 z'mmatur„
573 1558 656 1588 nach
681 1556 702 1598 ξ
731 1559 749 1590 5
773 1557 816 1588 im

141 1601 290 1640 Herbste,
319 1601 368 1632 als
395 1603 492 1633 561100
527 1602 578 1633 die
604 1602 733 1634 Stiirme
758 1602 816 1634 be-

141 1656 268 1687 gonnen
297 1646 413 1685 haben,
438 1657 462 1678 5.
493 1657 519 1678 c.
537 1648 591 1688 43,
618 1650 661 1689 43
687 1649 740 1687 38,
760 1649 814 1687 41,

144 1694 194 1725 15.
250 1690 344 1722 Nach
377 1692 447 1723 dem
488 1692 705 1733 Χῖοι-11613611,
749 1692 816 1732 vgl.

141 1737 225 1769 auch
249 1747 275 1767 c.
302 1738 356 1779 22,
386 1739 414 1776 1,
440 1747 553 1769 waren
579 1737 632 1769 die
651 1737 816 1769 Geriichte

140 1793 205 1813 von
247 1782 308 1813 den
345 1792 481 1822 grossen
523 1782 716 1823 Riistungen
760 1783 815 1814 des

140 1826 276 1868 Ro'nigs,
303 1838 327 1858 S.
355 1828 407 1865 34,
437 1829 491 1865 43,
519 1830 556 1867 4;
582 1828 624 1860 ib.
659 1830 722 1868 33,
759 1829 816 1870 123

142 1875 203 1912 603
229 1873 294 1912 vgl.
311 1874 363 1911 35,
398 1874 455 1911 123
482 1874 543 1913 203
570 1875 612 1906 23
626 1874 669 1913 11.,
698 1872 814 1913 falsch,

142 1928 212 1949 was
241 1918 305 1948 wol
333 1918 403 1948 deni
421 1917 542 1950 Senatc
567 1918 600 1949 in
627 1918 706 1950 Rom
726 1918 817 1949 nicht

142 1963 334 1994 unbekannt
357 1973 438 1993 war.
465 1982 493 1985 ⁷-
521 1966 610 1995 haud
629 1975 691 2005 qr„
716 1974 740 1995 5.
763 1966 815 2003 32,

144 2010 197 2047 32,
217 2010 247 2040 6.
266 2026 310 2029 —
327 2007 432 2040 vel'z‘n
452 2020 476 2039 s.
497 2020 539 2050 u„
566 2010 666 2040 schon
692 2009 725 2039 in
750 2009 817 2040 ihm

143 2052 244 2084 allein
268 2064 298 2083 u.
325 2063 349 2083 s.
376 2063 417 2083 w.
440 2056 589 2092 praesint,
618 2055 682 2086 alle
704 2053 816 2085 Hiilfs-

142 2097 249 2129 mittel
268 2108 326 2129 zur
346 2097 502 2138 Fiihrung
532 2100 587 2130 des
606 2098 754 2140 Iirieges.
774 2118 816 2122 —

141 2145 253 2181 destit„
281 2153 306 2174 6.
335 2144 385 2182 19,
405 2146 440 2182 43
471 2145 498 2183 1,
519 2146 571 2184 51,
599 2147 636 2186 53
661 2156 727 2184 spes
752 2146 816 2176 und

140 2190 307 2227 expectatio
334 2188 509 2220 wechseln.

188 2235 286 2265 5—7.
323 2236 467 2272 primum
509 2234 552 2265 ist
591 2234 815 2266 wahrschcin-

141 2277 208 2308 11611
233 2289 273 2309 zu
300 2281 397 2310 simul
428 2289 468 2309 zu
493 2280 639 2319 nchmcn,
668 2280 817 2320 obgleich

143 2323 231 2354 ‹liese
245 2323 461 2364 Verbinilung
481 2325 587 2356 selten
607 2325 661 2365 ist,
688 2335 712 2356 s.
732 2327 762 2366 ss,
787 2327 814 2365 1,

143 2370 174 2405 6,
202 2368 291 2399 nicht
316 2380 356 2400 zu
382 2376 511 2408 tempus.
538 2389 580 2393 —-
605 2373 683 2401 viris
709 2382 765 2411 eq.‚
790 2381 815 2401 6.

143 2414 198 2452 35,
226 2415 255 2452 7,
281 2424 320 2444 zu
354 2416 408 2454 21,
437 2416 491 2454 27,
519 2417 555 2454 5,
581 2416 647 2455 vgl.
680 2417 733 2455 23,
763 2417 817 2456 24,

144 2459 181 2490 9:
214 2469 303 2490 arma
328 2462 412 2491 Τίνος
442 2471 559 2501 equos;
594 2462 644 2500 10,
686 2462 736 2500 16,
780 2462 816 2493 G:

142 2514 232 2534 arma
257 2506 389 2546 virique,
421 2506 451 2546 S,
479 2508 507 2545 5,
535 2509 572 2545 3;
608 2508 639 2545 9,
676 2507 725 2546 19,
758 2507 816 2548 133

883 1331 926 1362 ib.
954 1332 1007 1371 38,
1043 1333 1079 1370 73
1113 1332 1187 1371 equa·
1216 1331 1342 1371 virique
1375 1332 1404 1369 5,
1441 1330 1493 1369 37,
1521 1333 1558 1370 53

884 1388 975 1409 arma
999 1379 1091 1417 sigma
1109 1378 1183 1417 equi
1213 1378 1338 1416 virique
1370 1376 1423 1415 23,
1458 1377 1487 1415 5,
1528 1377 1558 1408 6.

884 1439 928 1445 —
958 1432 1102 1462 parsur„
1140 1421 1204 1452 wie
1241 1422 1295 1459 26,
1336 1422 1386 1460 13,
1428 1422 1478 1453 16.
1515 1438 1559 1443 -

883 1478 964 1507 veo-e,
991 1466 1080 1497 nicht
1098 1476 1169 1497 zum
1188 1465 1337 1505 Scheine,
1363 1465 1428 1496 wie
1453 1475 1481 1498 c.
1504 1466 1557 1505 38,

888 1514 939 1549 10,
971 1512 1038 1552 vgl.
1073 1522 1099 1542 c.
1132 1513 1185 1550 46,
1213 1512 1242 1543 6.
1268 1529 1312 1533 -
1330 1512 1483 1551 prim-ip„
1511 1510 1559 1542 516

884 1557 991 1589 5011611
1018 1556 1069 1587 die
1089 1555 1285 1597 Hegemonie
1303 1556 1467 1596 erhalten,
1489 1565 1558 1587 was

885 1602 937 1633 die
972 1602 1109 1633 Aetoler
1140 1602 1208 1632 wol
1238 1601 1292 1632 bei
1327 1602 1397 1632 dem
1433 1610 1559 1642 ganzen

885 1646 1127 1679 Unternehmcn
1150 1646 1375 1685 bezweckten,
1408 1646 1473 1687 vgl.
1504 1645 1559 1686 je-

887 1693 969 1724 doch
1010 1693 1063 1732 33,
1101 1693 1151 1730 11,
1187 1693 1217 1724 9.
1252 1709 1296 1714 -
1327 1702 1456 1724 annona
1494 1693 1559 1732 tol„

885 1738 980 1769 einen
1016 1737 1274 1768 ausreichcnden
1310 1737 1459 1769 Vorrath
1495 1747 1560 1767 von

886 1781 1246 1815 Lebensbediirfnissen
1264 1792 1378 1814 ausser
1403 1783 1475 1814 dem
1493 1780 1559 1814 Ge-

885 1828 991 1860 treide
1018 1838 1070 1859 un]
1096 1827 1190 1859 einen
1212 1827 1434 1868 ertr'ziglichen
1454 1827 1558 1859 Preis.

886 1891 929 1896 -——
965 1876 1130 1913 suppedit„
1172 1872 1382 1914 gewo'hnlich
1421 1874 1480 1904 hat
1525 1872 1560 1904 L.

886 1923 977 1950 sonst
1006 1919 1057 1950 die
1082 1918 1194 1950 active
1214 1918 1311 1949 Form
1336 1918 1368 1949 in
1390 1917 1560 1950 neutraler

885 1965 1086 2005 Bedeutung,
1119 1964 1186 2004 vgl.
1208 1963 1328 2003 jedoch
1361 1964 1414 2004 23,
1449 1965 1503 2003 48,
1530 1964 1559 1996 8.

932 2006 1001 2045 45.
1033 2011 1130 2043 1—4.
1156 2011 1197 2040 172
1220 2011 1301 2041 home
1324 2021 1360 2048 S.,
1380 2009 1410 2049 3,
1437 2010 1491 2047 41,
1523 2010 1558 2047 13

886 2056 940 2094 22,
970 2056 1020 2094 10,
1048 2056 1086 2087 2:
1116 2057 1149 2086 in
1178 2057 1251 2087 haee
1280 2056 1373 2086 verba
1404 2065 1434 2085 u.
1463 2064 1492 2085 11.
1517 2071 1559 2075 ——

887 2103 1035 2132 discessit.
1040 2111 1076 2140 p.
1091 2101 1267 2139 discessum,
1283 2099 1348 2131 wie
1363 2103 1455 2131 sonst
1468 2098 1559 2130 verb.

886 2145 968 2176 finit.
995 2156 1026 2177 u.
1061 2149 1144 2187 part.
1177 2149 1280 2188 praet.
1316 2154 1560 2185 zusammenge-

885 2190 1001 2233 stellt3
1029 2191 1175 2231 dagegen
1200 2193 1282 2233 πρῖε
1307 2191 1390 2221 nach
1413 2202 1470 2223 rex
1495 2189 1561 2220 wol

887 2237 970 2267 ohne
995 2235 1142 2267 Absicht.
1172 2253 1213 2258 —-
1231 2239 1375 2275 princip.
1400 2235 1474 2267 hier
1495 2235 1560 2266 wie

886 2291 911 2312 c.
942 2283 994 2320 31,
1022 2283 1053 2321 6,
1085 2282 1203 2313 auders
1229 2280 1250 2322 ξ
1276 2283 1307 2315 9.
1335 2299 1377 2304 6-
1401 2283 1560 2313 Phaeneas

885 2327 974 2358 steht
1000 2336 1041 2357 an
1068 2327 1125 2358 der
1149 2326 1260 2368 Spitze
1286 2327 1344 2358 der
1378 2325 1560 2367 3610115518-

886 2375 942 2403 ten
968 2370 1093 2412 Partei,
1118 2383 1143 2404 s.
1171 2382 1196 2403 c.
1223 2374 1276 2411 33,
1311 2375 1339 2410 7,
1377 2371 1442 2402 und
1465 2372 1561 2402 sucht

882 2416 970 2456 jetzt
995 2428 1035 2448 zu
1060 2417 1135 2459 sp'zit
1160 2418 1221 2449 den
1245 2416 1386 2448 Frieden
1411 2417 1495 2447 noch
1521 2427 1560 2447 zu

886 2462 1048 2497 erhalten.
1081 2481 1124 2485 ‘-
1157 2464 1392 2494 reconciliatore
1429 2461 1560 2493 scheint

886 2507 957 2538 sich
993 2512 1084 2539 sonst
1119 2507 1208 2539 nicht
1245 2518 1285 2539 zu
1327 2507 1451 2550 110116ος
1498 2509 1561 2539 dis-
