1715 2723
535 101 661 134 LIBER
685 100 848 134 XXXVI.
875 100 970 135 CAP.
999 103 1048 134 17.
1414 97 1492 138 117

77 114 104 132 a.
123 105 172 131 Ch.
195 104 252 130 191.

81 209 154 256 hic,
176 213 218 247 ut
236 206 347 246 aliam
369 217 527 244 omnem
546 205 663 244 vitam
683 204 826 250 sileam,
845 204 877 242 is
899 208 967 250 est,
989 202 1056 254 qui
1076 214 1166 241 cum
1187 200 1492 240 adinferendum
1512 208 1531 238 7

80 264 223 317 populo
253 263 429 302 Romano
470 261 614 300 bellum
645 273 691 299 ex
719 260 806 298 Asia
835 260 877 298 in
907 260 1105 310 Europam
1133 258 1352 304 transisset,
1399 256 1494 295 nihil

80 318 366 361 memorabilius
403 324 483 358 toto
524 324 696 370 tempore
736 315 992 355 hibernorum
1020 315 1197 366 gesserit,
1238 326 1354 365 quam
1385 313 1492 364 quod

80 377 221 417 amoris
252 387 365 414 causa
388 388 434 414 ex
465 374 581 412 domo
612 373 757 424 privata
784 378 821 411 et
847 372 1003 411 obscuri
1033 372 1145 410 etiam
1173 371 1274 409 inter
1293 369 1492 421 popularis

80 433 229 485 generis
252 444 417 471 uxorem
438 430 558 477 duxit,
589 435 625 468 et
646 441 773 467 novus
794 429 967 475 maritus,
996 428 1100 466 velut
1120 427 1313 478 saginatus
1336 426 1491 476 nuptia-
1511 429 1530 461 8

76 489 177 528 libus
208 489 325 533 cenis,
354 488 401 527 ad
430 499 601 538 pugnam
631 485 831 537 processit.
874 497 1028 523 summa
1058 484 1198 522 virium
1230 483 1390 533 speique
1410 482 1492 521 eius

76 546 118 585 in
141 545 283 584 Aetolis
309 545 392 591 fuit,
419 549 530 595 gente
555 542 762 581 vanissima
785 547 822 580 et
840 541 1109 592 ingratissima,
1140 545 1183 578 ut
1202 552 1271 577 vos
1294 539 1402 589 prius
1422 551 1491 577 ex-

76 602 175 654 perti
205 602 306 647 estis,
346 612 452 639 nunc
480 599 693 638 Antiochus
725 598 931 649 experitur.
973 609 1064 635 nam
1094 608 1166 634 nec
1197 600 1389 634 venerunt
1411 597 1491 633 fre·
1510 599 1531 630 9

81 664 253 710 quentes,
284 669 355 695 nec
391 655 579 695 contineri
609 656 649 694 in
680 655 811 694 castris
838 660 1063 705 potuerunt,
1093 658 1130 691 et
1148 652 1189 690 in
1211 651 1398 690 seditione
1418 651 1493 701 ipsi

77 715 177 754 inter
200 726 282 752 sese
302 719 404 759 sunt,
434 718 482 759 et,
513 724 602 750 cum
623 711 811 763 Hypatam
833 710 1017 750 tuendam
1040 709 1341 758 Heracleamque
1368 707 1492 757 depo-

77 770 304 822 poscissent,
325 774 502 808 neutram
525 769 634 807 tutati
653 769 885 819 refugerunt
902 768 942 806 in
967 767 1055 817 iuga
1075 765 1280 811 montium,
1302 776 1391 815 pars
1411 763 1492 802 He-

76 827 221 866 racleae
259 826 501 865 incluserunt
540 838 635 864 sese.
692 837 760 863 rex
796 824 879 875 ipse
909 825 1114 862 confessus
1143 833 1338 872 nusquam
1368 831 1492 870 aequo
1514 831 1556 863 10

78 895 213 933 campo
237 895 319 922 non
340 882 456 921 modo
489 881 672 933 congredi
694 894 734 919 se
758 881 805 919 ad
824 893 993 931 pugnam
1016 879 1169 924 audere,
1200 878 1267 916 sed
1291 889 1340 915 ne
1373 882 1495 915 castra

79 939 235 990 quidem
256 939 296 977 in
319 944 449 990 aperto
471 951 630 989 ponere,
659 938 788 976 relicta
812 937 918 975 omni
942 942 1028 976 ante
1048 949 1089 975 se
1112 934 1270 986 regione
1293 946 1347 980 ea,
1377 945 1494 983 quain

79 1008 119 1034 se
150 995 263 1034 nohis
288 1008 331 1034 ac
353 995 531 1046 Philippo
555 994 744 1033 ademisse
766 993 1010 1045 gloriabatur,
1049 991 1220 1031 condidit
1239 1003 1280 1029 se
1302 990 1402 1029 intra
1423 1001 1493 1027 ru-

78 1064 158 1102 pes,
185 1063 235 1089 ne
265 1057 352 1090 ante
386 1054 516 1090 fauces
549 1051 706 1102 quidem
727 1051 856 1097 saltus,
888 1056 930 1089 ut
948 1049 1147 1101 quondam
1167 1046 1492 1086 Lacedaemonios
1517 1051 1553 1084 11

79 1109 181 1145 fama
212 1113 280 1151 est,
309 1107 375 1146 sed
407 1109 508 1146 intra
538 1107 692 1159 penitus
714 1107 886 1146 retractis
908 1106 1063 1151 castris,
1095 1105 1200 1156 quod
1222 1109 1411 1154 quantum
1430 1102 1493 1140 in—

76 1169 193 1202 terest
211 1163 258 1201 ad
281 1164 462 1202 timorem
485 1163 782 1209 ostendendum,
806 1176 855 1202 an
877 1163 999 1201 muris
1016 1162 1124 1201 urbis
1135 1161 1294 1199 alicuius
1307 1158 1493 1198 obsiden-

77 1220 182 1264 dum,
204 1232 287 1258 sese
306 1219 534 1259 incluserit?
558 1220 625 1259 sed
647 1232 774 1270 neque
793 1220 1028 1258 Antioc-hum
1049 1218 1264 1257 tuebuntur
1286 1215 1493 1266 angustiae,
1514 1222 1555 1254 12

78 1288 150 1314 nec
169 1276 325 1315 Aetolos
346 1277 508 1315 vertices
527 1276 591 1323 illi,
622 1288 722 1327 quos
744 1282 942 1327 ceperunt.
983 1275 1074 1314 satis
1096 1274 1270 1324 undique
1290 1272 1495 1323 provisum

76 1338 189 1383 atque
220 1338 468 1383 praecautum
499 1338 567 1379 est,
595 1345 645 1371 ne
677 1333 769 1383 quid
796 1333 982 1371 adversus
1014 1344 1083 1370 vos
1113 1331 1154 1369 in
1183 1341 1313 1381 pugna
1343 1334 1496 1379 praeter

820 1434 923 1477 haupt
962 1433 1053 1465 nicht
1088 1433 1149 1464 den
1185 1430 1279 1463 Muth
1313 1440 1345 1461 u.
1374 1430 1408 1461 ’5.
1438 1439 1495 1469 W.‚

76 1433 140 1465 wie
167 1435 221 1473 42,
255 1435 309 1474 64,
335 1435 372 1466 2:
396 1436 480 1466 circa
506 1445 544 1465 ex
561 1436 658 1475 ayrz's,
685 1433 751 1474 vgl.

526 1482 531 1487 '
822 1480 912 1511 nicht
937 1490 1101 1512 ausurum.
1125 1495 1171 1500 -—
1193 1483 1318 1517 aperto,
1350 1476 1405 1515 21,
1440 1475 1494 1515 25,

76 1488 103 1510 c.
138 1481 196 1519 14,
233 1480 282 1512 12.
308 1497 351 1501 —
376 1481 426 1512 laic
450 1498 493 1501 -—
518 1491 562 1520 zs,
596 1490 620 1510 s.
646 1478 749 1521 praef.

81 1526 138 1564 103
166 1528 196 1563 5,
222 1525 253 1563 2,
280 1526 309 1557 3.
342 1542 384 1546 ——
418 1527 535 1564 sileam,
564 1536 588 1556 s.
616 1526 670 1565 27,
699 1526 750 1565 10,

78 1571 95 1582 ,-

825 1527 882 1565 133
922 1526 964 1556 ib.
991 1526 1045 1566 32,
1083 1526 1124 1557 10
1152 1535 1182 1555 u.
1211 1533 1239 1554 a.
1278 1539 1322 1544 —-
1357 1532 1421 1562 req.
1449 1532 1495 1560 ea,

85 1580 114 1601 ιε
141 1572 314 1609 Sacamum
347 1569 412 1602 Cic.
440 1581 468 1612 p.
493 1570 615 1602 Flacco
641 1572 678 1603 3:
703 1582 753 1602 res

77 1617 208 1654 siletao·;
242 1614 333 1647 Paul.
362 1615 453 1647 Diac.
490 1617 550 1649 89:
585 1619 676 1648 silere
706 1623 752 1648 ta-

77 1663 183 1700 cenda,
209 1660 260 1692 die
285 1659 348 1693 Mz.
368 1660 421 1693 Hs.
444 1662 502 1692 hat
518 1664 666 1701 omittam,
683 1661 752 1702 vgl.

80 1706 110 1745 9,
142 1708 192 1745 17,
207 1707 237 1738 6.
258 1723 301 1727 —
319 1718 416 1738 amor.
442 1719 478 1747 c.‚
509 1717 569 1738 nur
597 1717 665 1745 aus,
684 1707 751 1747 vgl.

77 1761 103 1782 c.
143 1753 203 1792 15,
248 1753 283 1791 13
324 1754 359 1792 1,
397 1752 629 1792 9‚14ff.-
663 1754 752 1790 obse„

75 1795 142 1836 vgl.
167 1806 206 1827 zu
233 1806 259 1828 c.
282 1798 340 1836 11,
378 1799 405 1830 1.
432 1816 475 1819 —
500 1800 612 1840 myth„
641 1799 673 1836 6,
700 1799 751 1838 17,

76 1842 115 1881 33
141 1843 193 1881 38,
227 1844 278 1884 17,
307 1844 356 1875 17.

122 1910 220 1942 8—9.
244 1921 366 1942 summa
388 1921 416 1942 v.
442 1921 506 1952 sp.,
541 1912 578 1948 3,
602 1911 664 1951 61,
692 1912 751 1951 123

77 1956 130 1996 26,
164 1956 215 1997 12,
243 1957 293 1989 10.
319 1973 362 1978 —-
388 1958 516 1996 vanis-s„
550 1956 602 1995 33,
635 1958 686 1996 11,
715 1957 752 1997 83

77 2001 130 2040 32,
163 2001 217 2041 34,
250 2004 269 2035 5
296 2012 326 2033 u.
354 2011 384 2032 a.
422 2019 466 2024 ——
505 2005 620 2034 contin.
652 2005 684 2033 in
710 2013 752 2041 c.,

77 2045 140 2077 wie
165 2046 230 2086 28,
263 2048 304 2087 9,
343 2048 401 2089 143
432 2047 641 2087 gewiihnlich
667 2048 750 2079 ohne

78 2093 122 2129 in,
144 2101 168 2121 s.
194 2101 235 2122 zu
263 2093 316 2132 31,
337 2093 392 2132 26,
412 2094 454 2133 63
482 2093 600 2125 anders
620 2095 674 2127 23,
696 2093 751 2131 27,

77 2137 114 2175 2;
141 2138 196 2173 40,
224 2138 276 2177 58,
307 2139 334 2170 1.
368 2155 411 2159 -—
445 2141 528 2170 inter
553 2151 592 2180 s.,
612 2138 691 2170 weil
717 2141 751 2169 in

79 2183 141 2213 sed.
182 2189 256 2214 sunt
291 2182 352 2214 den
390 2183 516 2224 Begriff
550 2184 607 2215 der
637 2183 748 2215 Zwie-

74 2227 202 2267 tracht,
248 2227 343 2259 einen
384 2228 632 2270 Verbalbegriff
675 2233 749 2261 ent-

73 2272 156 2304 halt.
180 2290 224 2295 —
244 2284 335 2315 pars,
374 2274 431 2305 das
459 2274 663 2316 Vorhergeh.
691 2275 749 2306 he-

74 2317 294 2359 schr'ankend,
320 2319 387 2360 vgl.
415 2321 446 2361 3,
479 2322 533 2359 61,
569 2322 608 2362 9;
637 2323 670 2362 4,
695 2322 748 2360 33,

77 2364 136 2403 113
163 2366 193 2400 5,
218 2365 273 2405 21,
297 2366 334 2397 5:
360 2367 459 2405 alios;
495 2366 612 2398 andex-s
639 2376 664 2398 c.
698 2368 748 2407 12,

75 2409 114 2440 6:
141 2411 226 2440 aliis.
252 2427 295 2432 --
323 2412 493 2443 Heracleae
516 2414 600 2452 incl„
634 2411 751 2443 anders

74 2454 258 2486 construirt
282 2455 331 2487 als
358 2466 385 2487 c.
415 2458 466 2497 16,
493 2459 523 2490 6.

125 2523 266 2555 10—12.
295 2526 431 2565 audere,
465 2534 501 2556 er
534 2525 618 2557 habe
655 2525 753 2557 iiber-

823 1570 1029 1610 Thessalien,
1055 1568 1264 1601 Acarnanien
1288 1577 1318 1599 u.
1348 1577 1372 1598 s.
1389 1576 1430 1598 w.
1452 1584 1496 1588 --

820 1624 892 1649 ame
919 1618 1027 1657 fauo„
1066 1615 1148 1647 auch
1185 1614 1268 1645 dazu
1304 1613 1423 1653 gehiirt
1447 1623 1497 1643 ‘re-

820 1664 947 1700 t7·accz's;
983 1661 1023 1692 da
1056 1658 1224 1702 k'ampften
1257 1657 1307 1689 die
1346 1656 1496 1688 Laceda-

820 1707 945 1739 monier
971 1716 1022 1738 am
1045 1710 1153 1738 ersten
1180 1703 1427 1744 Schlaehttage‚
1444 1712 1497 1733 am

820 1753 946 1784 letzten
963 1762 1066 1793 zogen
1093 1751 1139 1783 sie
1165 1750 1237 1782 sich
1260 1749 1293 1780 in
1319 1749 1379 1780 den
1406 1746 1496 1788 Eng-

819 1809 894 1841 pass
920 1798 1051 1830 zuriick.
1090 1815 1134 1819 —
1172 1799 1277 1834 intra,
1310 1804 1336 1826 c.
1368 1795 1426 1832 16,
1468 1794 1497 1833 1,

821 1844 903 1875 dazu
942 1844 1028 1875 kann
1052 1843 1168 1884 fauces
1202 1840 1328 1872 wieder
1356 1839 1498 1880 gedacht

820 1889 973 1929 werden,
1010 1889 1089 1920 oder
1116 1898 1150 1920 es
1176 1887 1219 1918 ist
1244 1884 1434 1925 adverbial,
1464 1887 1496 1924 5,

822 1936 882 1976 35,
908 1937 947 1972 4;
974 1937 1015 1977 9,
1042 1936 1095 1973 32,
1122 1936 1152 1966 9.
1179 1950 1221 1954 -
1247 1933 1348 1972 quod,
1373 1930 1431 1962 der
1453 1941 1497 1961 an

824 1999 866 2002 —
898 1984 1008 2012 inclzcs.
1045 1977 1301 2021 entsprechende
1333 1975 1497 2016 Fragsatz

821 2026 866 2057 ist
892 2026 982 2057 nicht
1011 2024 1250 2066 ausgedriiekt,
1280 2022 1312 2053 in
1337 2022 1408 2053 dem
1434 2020 1497 2052 Ge-

822 2072 962 2111 danken,
988 2070 1046 2102 auf
1068 2071 1129 2102 den
1152 2072 1237 2111 qaod
1261 2065 1494 2106 zuriickweist,

820 2129 881 2149 nur
894 2117 1112 2158 angedeutet:
1136 2117 1219 2147 m‘lcz'l
1230 2118 1367 2153 interest,
1385 2119 1495 2144 utrum

819 2166 905 2195 intra
930 2164 1046 2204 fauces
1078 2168 1215 2194 retracta
1239 2166 1342 2192 castra
1367 2159 1495 2197 habeat,-

818 2211 873 2246 28,
899 2211 954 2244 44,
982 2210 1012 2248 2,
1040 2208 1104 2248 vgl.
1127 2209 1180 2246 35,
1200 2208 1253 2246 42,
1272 2208 1302 2239 4.
1320 2204 1491 2242 —provis.

818 2268 845 2287 a.
867 2266 987 2294 praec„
1022 2254 1089 2294 vgl.
1116 2252 1181 2284 Cic.
1207 2250 1309 2283 Attio.
1338 2251 1369 2289 2,
1400 2250 1428 2288 1,
1454 2249 1492 2280 6:

818 2303 906 2342 qaod
934 2312 953 2331 a
989 2311 1037 2331 me
1069 2303 1115 2331 ita
1140 2300 1303 2338 provisum
1330 2302 1421 2335 atque
1448 2295 1494 2326 ita

813 2352 1019 2385 praecautum
1051 2352 1104 2385 est,
1139 2343 1228 2375 Lael.
1264 2344 1326 2381 21,
1360 2341 1412 2373 78.
1449 2357 1492 2361 —

816 2398 915 2430 praet.
954 2393 1069 2431 hostis,
1112 2389 1201 2420 nicht
1238 2388 1295 2419 das
1331 2384 1491 2424 Terrain;

818 2439 917 2469 hostis
939 2436 983 2467 ist
1007 2436 1136 2475 Aecus„
1159 2445 1184 2466 5.
1211 2435 1265 2473 38,
1293 2434 1347 2471 21,
1374 2433 1411 2470 53
1437 2431 1493 2471 29,

821 2484 875 2522 28,
898 2484 928 2521 5,
949 2480 1147 2514 schwerlich
1165 2490 1248 2511 nom.
1267 2477 1401 2518 singul,
1421 2486 1446 2509 S.
1461 2477 1494 2515 4,

822 2530 876 2570 59,
902 2530 931 2561 7.
