1715 2723
88 76 121 93 a.
142 66 191 93 Ch.
214 66 272 92 192.

550 66 674 98 LIBER
702 66 849 99 XXXV.
884 66 976 99 CAP.
1002 69 1056 102 42.
1453 66 1508 108 69

91 182 144 209 an
167 169 327 208 omnino
350 168 558 207 mittendus
581 175 690 215 esset,
712 169 938 207 consultatio
964 174 1066 208 mota
1089 174 1156 216 est,
1179 169 1346 207 maxime
1365 169 1505 207 aTho-

93 231 182 264 ante
204 225 350 269 Aetolo,
372 225 437 274 qui
459 225 640 263 omnibus
661 225 702 263 in
715 225 870 263 Graecia
891 226 1059 263 tumultu
1082 226 1280 275 completis
1292 225 1505 264 Demetria-

92 282 184 320 dem
216 280 412 319 adferebat
439 281 478 318 in
505 286 690 331 potestate
722 293 805 318 esse
836 286 882 327 et,
915 281 1057 331 quibus
1088 282 1296 320 mendaciis
1326 281 1373 319 de
1402 293 1503 331 rege,
1528 288 1541 295 ”

95 337 385 387 multiplicando
415 337 542 375 verbis
571 337 699 387 copias
730 336 824 383 eius,
856 342 1029 375 erexerat
1054 337 1267 375 multorum
1288 337 1328 375 in
1351 336 1507 376 Graecia

92 393 257 439 animos,
278 393 401 431 isdem
423 398 459 431 et
478 393 577 443 regis
599 405 707 443 spem
727 392 902 431 inflabat:
924 393 1100 431 omnium
1120 393 1218 431 votis
1241 406 1329 431 eum
1351 393 1505 440 accersi,

94 461 332 487 concursum
362 449 408 487 ad
438 449 562 487 littora
584 450 773 494 futurum,
805 449 909 487 unde
933 449 1092 487 classem
1116 449 1259 498 regiam
1280 449 1505 500 prospexis-

93 510 192 543 sent.
223 505 284 543 hic
313 505 415 543 idem
435 517 553 543 ausus
574 505 620 542 de
642 504 853 542 Hannibale
875 510 931 542 est
952 517 1110 542 movere
1133 505 1361 543 sententiam
1383 517 1505 555 prope
1524 509 1543 541 6

91 561 171 599 iam
211 567 353 599 certam
389 561 500 611 regis.

559 572 649 598 nam
674 571 801 610 neque
832 560 1094 598 dimittendam
1122 566 1270 610 partem
1297 561 1454 599 navium
1486 574 1504 599 a

94 618 214 656 classe
241 618 343 668 regia
374 616 563 662 censebat,
594 628 732 666 neque,
762 616 793 654 si
825 616 1031 654 mittendae
1062 627 1177 654 naves
1204 618 1343 662 forent,
1374 618 1505 655 minus
1526 624 1544 654 7

95 685 333 723 quemquam
364 673 397 711 ei
423 673 531 711 classi
562 684 679 722 quam
710 672 961 710 Hannibalem
991 672 1312 722 praeficiendum:

1353 673 1505 711 exulem
1525 679 1543 711 8

93 729 202 767 illum
225 735 261 767 et
280 729 456 767 Poenum
482 741 576 774 esse,
599 728 660 766 cui
682 729 783 766 mille
806 729 845 766 in
867 729 946 766 dies
967 741 1067 766 nova
1091 728 1248 766 consilia
1268 729 1327 766 vel
1348 730 1505 766 fortuna.

92 797 162 823 sua
192 785 252 823 vel
273 785 473 835 ingenium
494 790 624 835 posset
644 787 780 832 facere,
812 790 849 823 et
869 785 992 835 ipsam
1014 797 1095 823 eam
1120 785 1278 835 gloriam
1301 784 1400 830 belli,
1431 796 1505 835 qua
1525 794 1544 825 9

95 842 199 880 velut
229 841 317 879 dote
339 841 529 879 Hannibal
557 841 792 886 concilietur,
823 841 980 879 nimiam
1002 841 1042 878 in
1066 842 1259 891 praefecto
1282 841 1386 892 regio
1410 853 1506 879 esse.

94 909 225 947 regem
257 897 439 947 conspici,
465 910 594 948 regem
618 909 741 935 unum
765 897 916 943 ducem,
945 909 1070 935 unum
1092 897 1365 947 imperatorem
1386 897 1510 935 videri

95 953 248 991 debere.

299 953 330 991 si
357 954 528 999 classem,
556 953 587 991 si
616 954 825 991 exercitum
855 953 999 992 amittat
1018 953 1219 999 Hannibal,
1248 953 1351 991 idem
1377 953 1507 991 damni
1529 953 1567 985 10

93 1012 191 1056 fore,
211 1021 254 1047 ac
274 1009 305 1047 si
324 1021 393 1058 per
415 1009 531 1047 alium
553 1010 689 1047 ducem
713 1010 955 1056 amittantur3
978 1010 1009 1047 si
1033 1009 1123 1060 quid
1148 1021 1333 1059 prospere
1349 1010 1507 1056 eveniat,

94 1065 318 1103 Hannibalis
343 1077 438 1111 eam,
459 1078 537 1103 non
559 1065 737 1103 Antiochi
757 1066 916 1116 gloriam
937 1067 1042 1112 fore3
1067 1065 1200 1103 sivero
1213 1066 1395 1103 universo
1408 1065 1506 1104 bello
1529 1066 1568 1098 11

94 1121 274 1160 vincendi
296 1122 494 1160 Romanos
523 1123 680 1159 fortuna
711 1122 833 1168 detur,
865 1134 979 1171 quam
1007 1134 1117 1172 spem
1138 1134 1221 1160 esse
1241 1121 1313 1160 sub
1337 1134 1425 1172 rege
1448 1121 1506 1160 vi-

92 1256 133 1293 4,
160 1265 199 1285 zu
226 1264 252 1284 c.
283 1255 343 1293 37,
371 1255 400 1286 2.
425 1271 469 1275 —
494 1265 535 1284 an
563 1270 602 1276 —
628 1260 713 1293 esset,
740 1264 766 1286 S.

95 1301 149 1339 31,
176 1300 229 1338 48,
258 1300 293 1338 63
321 1300 374 1338 36,
402 1300 452 1335 17,
483 1301 532 1331 11.
550 1317 592 1320 —-
612 1305 695 1330 mota
711 1306 764 1338 est,

92 1355 120 1376 S.
149 1346 201 1383 32,
227 1345 280 1383 40,
311 1345 346 1384 13
373 1346 403 1383 5,
432 1345 484 1379 24,
513 1346 596 1376 7.—
616 1346 766 1382 Thoante,

89 1390 154 1421 der
178 1389 248 1420 also
275 1389 346 1421 eine
371 1388 491 1420 zweite
512 1387 767 1420 Gesaudtschaft

92 1445 134 1466 zu
158 1434 342 1465 Antiochus
373 1434 406 1465 in
440 1434 510 1465 dem
536 1434 635 1465 Jalne
668 1435 766 1466 iiber-

92 1489 242 1511 nommen
266 1480 343 1519 hat,
368 1490 392 1511 s.
421 1489 447 1510 c.
467 1481 536 1520 32,
560 1481 600 1519 S,
636 1479 716 1521 App.
744 1479 766 1510 l.

93 1525 134 1556 ].:
177 1520 355 1568 Ἀντιόγω
395 1521 426 1557 (5
461 1523 551 1568 ἡκοι
588 1524 768 1557 Αἰτωλῶν

94 1572 275 1622 ποέσβεις,
306 1570 357 1603 ὡν
385 1565 481 1606 Θόας
510 1570 632 1622 ἦρχεν,
659 1570 767 1602 αὐτο-

95 1611 257 1660 κρατορά
294 1627 331 1648 τε
358 1612 563 1660 στρατιῃὸι
589 1615 769 1647 Αἰτωλῶν

92 1649 286 1704 Ἀντίοχοι
312 1657 531 1713 ἀποφαιιοῖ
534 1671 590 1697 τες
606 1662 667 1692 καὶ
687 1660 748 1692 δια
753 1678 768 1682 -

97 1708 207 1739 πλεῖν
244 1706 278 1742 ἐς
306 1702 372 1747 τὴ]
391 1700 553 1737 Ettmla
578 1700 647 1747 ἤδη
676 1718 767 1751 προ-

96 1753 294 1787 καὶοῦιῑες
321 1754 383 1782 ete.
409 1768 445 1772 -—
472 1753 587 1782 omnib.
598 1753 770 1789 —eompl.,

96 1797 257 1827 wahrend
277 1795 368 1827 Alles
387 1813 428 1818 ——
447 1795 506 1834 sei,
528 1796 611 1826 habe
636 1806 709 1826 man
727 1813 769 1817 ——

95 1851 288 1882 gewonnen.
323 1861 355 1865 --
384 1844 420 1872 in
438 1847 503 1879 pot.
534 1852 562 1871 n.
588 1853 665 1880 sna,
692 1841 770 1871 oder

95 1887 282 1929 iiberhaupt
306 1886 364 1917 der
386 1884 664 1926 kriegfiihrendeu
686 1885 770 1916 Par-

98 1932 157 1969 tei,
185 1934 238 1971 25,
264 1933 318 1971 20,
350 1933 380 1964 2.
405 1949 450 1952 -
474 1934 510 1963 de
533 1943 603 1972 φερε
620 1949 664 1953 »-
691 1934 768 1970 eius,

94 1988 124 2008 c.
154 1979 204 2017 12,
235 1978 284 2009 14.
304 1995 349 1998 —
372 1978 548 2016 mulnfflie„
575 1976 770 2008 erkl'zirende

99 2021 306 2064 Apposition,
333 2033 357 2053 s.
388 2024 419 2061 6,
446 2024 500 2059 20,
527 2023 563 2054 8;
593 2023 621 2061 1,
651 2023 703 2057 56,
733 2023 771 2061 2,

98 2068 154 2107 24,
181 2068 234 2106 38,
258 2068 276 2099 2
301 2078 334 2098 u.
360 2077 388 2097 a.
415 2084 455 2088 -
482 2069 606 2108 z'nflab„
630 2078 655 2098 s.
682 2067 772 2097 Curt.

100 2114 132 2151 3,
160 2114 190 2152 5,
220 2114 276 2144 1οε
308 2115 501 2151 purpuratis
522 2115 614 2144 solita
637 2113 773 2144 vanitate

99 2169 183 2197 spem
212 2159 422 2199 iqffltmtz'bus;
449 2157 483 2188 L.
508 2158 561 2198 37,
593 2159 643 2197 12,
671 2160 702 2191 4.

147 2248 244 2280 6-9.
269 2258 409 2287 movere,
436 2247 599 2278 wankend
624 2247 770 2287 macheu,

101 2292 238 2331 'andei-n,
259 2292 325 2333 vgl.
349 2303 375 2324 c.
397 2294 450 2333 40,
470 2295 507 2332 7;
533 2294 586 2332 34,
614 2294 667 2332 54,
695 2294 771 2326 S.—

95 2349 199 2378 meque
226 2355 268 2360 ——
300 2340 425 2377 minus,
464 2337 591 2369 keiuem
625 2337 772 2377 weniger

100 2382 268 2423 ==jedem
292 2384 436 2414 anderen
461 2384 549 2421 cher,
576 2382 644 2424 vgl.
671 2393 696 2413 c.
719 2384 771 2422 13,

104 2430 140 2460 7:
176 2439 241 2460 non
264 2431 374 2470 mayz's.
393 2446 435 2450 —
462 2431 563 2468 mille,
591 2430 620 2467 3,
655 2429 706 2465 14,
735 2429 773 2467 43

98 2474 156 2513 29,
186 2475 236 2514 18,
264 2476 301 2514 73
328 2475 382 2514 21,
409 2475 462 2514 43,
491 2474 542 2506 18.
569 2491 610 2496 —
630 2475 775 2515 fortuna

835 1254 914 1294 geht
942 1252 1002 1285 auf
1023 1256 1160 1285 exulem:
1197 1254 1269 1285 dem
1294 1253 1508 1286 Verbannten

835 1299 883 1330 sei
911 1298 1001 1329 nicht
1033 1309 1072 1330 zu
1109 1303 1226 1330 tranen
1270 1301 1431 1340 inyem‘um
1453 1297 1513 1330 auf

834 1345 991 1375 Poenum:
1017 1344 1083 1375 und
1100 1345 1184 1374 noch
1209 1344 1292 1375 dazu
1311 1344 1362 1375 ein
1383 1343 1428 1383 P„
1455 1343 1507 1374 die

827 1392 911 1429 fides
943 1391 1074 1421 Punica.
1100 1407 1141 1411 ——
1165 1401 1224 1420 sua
1256 1388 1314 1420 auf
1334 1392 1386 1420 eui
1408 1389 1508 1420 bezo-

835 1444 907 1475 gen,
934 1445 959 1466 s
985 1436 1037 1474 38,
1065 1436 1118 1474 32,
1146 1436 1183 1472 S,
1209 1436 1261 1474 25,
1290 1436 1343 1473 24,
1372 1436 1411 1467 13
1432 1445 1461 1465 u.
1480 1444 1508 1465 a.

835 1482 937 1519 ipsam
962 1491 1047 1519 eam
1086 1481 1125 1517 9,
1164 1481 1220 1518 17,
1256 1482 1292 1512 7:
1330 1482 1415 1518 ipsos
1439 1488 1508 1520 eos,

837 1526 897 1564 21,
926 1527 984 1564 26,
1040 1526 1128 1564 242,
1157 1526 1210 1561 21,
1240 1526 1276 1558 S:
1309 1524 1352 1555 ib.
1387 1526 1439 1561 25,
1470 1527 1508 1562 4,

836 1572 897 1609 43,
933 1571 995 1609 22,
1025 1572 1062 1608 2
1107 1551 1168 1609 45,
1197 1571 1405 1611 39,16.—
1429 1572 1511 1601 νεῖαι

837 1617 903 1646 doce
937 1633 981 1636 —
1013 1617 1139 1653 concil,
1186 1614 1250 1646 wie
1293 1615 1394 1645 durch
1438 1614 1509 1646 eine

837 1659 948 1691 reiche
985 1658 1111 1699 Mitgift
1153 1659 1205 1690 ein
1246 1659 1511 1691 Frauenzimmer

837 1705 908 1735 sich
933 1704 1109 1746 euxpfiehlt,
1136 1705 1207 1735 dem
1232 1704 1349 1736 Manne
1378 1715 1511 1745 gewon-

839 1760 918 1790 nen,
956 1748 1131 1790 zugeffihrt
1159 1749 1260 1787 wird,
1300 1749 1389 1781 Suet.
1418 1750 1510 1781 Caes.

840 1797 900 1828 50:
939 1797 1177 1827 existimabatur
1202 1796 1339 1827 Servilia
1364 1813 1406 1818 —-
1430 1798 1510 1827 Ter-

838 1843 915 1872 tiam
952 1842 1079 1871 Caesari
1120 1842 1296 1872 conciliare.
1330 1858 1374 1862 -—
1399 1842 1508 1881 praef.

837 1896 912 1927 req„
943 1896 1003 1916 nur
1024 1885 1075 1916 ein
1096 1884 1239 1917 General
1266 1884 1354 1917 eines
1374 1884 1511 1926 Iio'nigs,

838 1941 863 1961 s.
890 1932 950 1970 38,
982 1932 1042 1970 58,
1072 1932 1121 1963 10.
1151 1948 1191 1953 -
1216 1933 1371 1971 compte,
1394 1933 1453 1970 34,
1479 1934 1512 1968 4,

844 1978 893 2008 14.
919 1993 963 1997 —
987 1978 1096 2008 ducem
1122 1994 1166 1997 —-
1189 1978 1319 2015 imper„
1358 1978 1419 2016 31,
1457 1977 1511 2015 21,

844 2023 893 2054 18.
918 2037 964 2044 -·-
989 2023 1101 2059 videri,
1126 2021 1327 2061 erscheinen,
1353 2021 1474 2061 gelten.

889 2112 1030 2144 10—14.
1056 2113 1136 2142 idem
1160 2113 1287 2150 damni,
1328 2112 1388 2150 36,
1416 2113 1454 2151 2,
1481 2113 1514 2144 9-

840 2167 876 2188 ae
900 2158 937 2196 si,
966 2157 1026 2195 37,
1054 2158 1106 2196 54,
1134 2158 1194 2189 21:
1219 2168 1251 2188 eo
1279 2173 1320 2178 --
1346 2168 1382 2188 ae
1405 2159 1442 2187 si.
1468 2174 1513 2178 —-

839 2203 870 2233 si
893 2203 982 2242 quid,
1009 2201 1100 2232 nicht
1124 2202 1216 2232 mehr
1243 2201 1409 2243 Anapher,
1435 2211 1513 2232 son-

841 2247 920 2278 dern
940 2246 1135 2287 Gegensatz.
1150 2249 1292 2278 —um'v.
1318 2249 1356 2285 b.,
1384 2247 1437 2285 30,
1459 2248 1513 2285 35,

843 2293 894 2324 11.
911 2309 955 2314 -—
975 2303 998 2323 3.
1012 2304 1081 2334 resse
1098 2311 1142 2314 —
1165 2295 1224 2323 um'
1236 2310 1280 2314 —
1291 2293 1444 2330 patriam,
1471 2291 1515 2322 ist

840 2348 902 2368 nur
919 2335 1064 2368 insoferu
1084 2336 1280 2377 Gegensatz,
1308 2337 1357 2368 als
1384 2336 1513 2376 beipa-

840 2384 905 2414 tria
929 2393 968 2413 zu
995 2383 1120 2414 denken
1146 2382 1208 2422 ist,
1236 2383 1310 2413 dass
1336 2381 1441 2413 dieses
1461 2381 1512 2412 ein

841 2427 1011 2459 Freistaat
1068 2438 1140 2458 war
1194 2427 1259 2458 und
1304 2426 1400 2467 jeder
1445 2426 1516 2458 sich

844 2473 905 2504 den
931 2472 1093 2504 Gesetzeu
1126 2473 1181 2504 des
1206 2471 1428 2505 Vaterlandes
1464 2481 1517 2503 am
