1715 2723
141 1009 157 1039 ..q

142 1292 160 1323 9

191 119 269 157 300
643 114 767 147 Llssnn
784 99 944 149 XXXIV.
964 116 1055 148 CAP.
1075 116 1127 148 20.
1181 109 1187 119 ¹

1442 135 1466 151 a.
1484 134 1510 152 11.
1526 127 1591 152 559.

189 225 361 269 gentem,
392 230 480 256 cum
502 217 615 256 insita
635 217 766 257 feritas
787 218 1008 258 continebat
1023 218 1063 256 in
1084 219 1214 266 armis,
1238 226 1320 258 tum
1342 222 1589 269 conscientia,

190 275 283 313 dum
305 274 440 312 consul
456 273 724 325 exercitusque
740 275 912 313 Turdulo
934 275 1032 313 bello
1053 279 1112 313 est
1134 281 1353 326 occupatus,
1376 278 1597 329 depopula*

188 335 319 369 torum
339 329 476 368 subitis
497 330 782 370 incursionibus
802 331 1010 370 sociorum.
1041 330 1156 381 igitur
1176 331 1223 370 ad
1244 333 1429 383 oppidum
1450 346 1589 373 eorum

189 387 489 437 oppugnandum
518 387 654 425 consul
681 387 786 426 ducit
811 399 890 426 non
918 388 1111 426 Romanas
1139 387 1256 425 modo
1285 389 1485 435 cohortes,
1521 390 1589 428 sed

188 443 428 481 iuventutem
450 442 564 481 etiam
584 442 720 482 merito
738 443 979 482 infensorum
997 443 1042 482 iis
1060 443 1268 482 sociorum.
1301 444 1485 496 oppidum
1502 445 1591 484 lon-

189 511 299 549 gum,
325 499 364 537 in
387 499 627 537 latitudinem
649 499 948 550 haudquaquam
969 500 1195 538 tantundem
1224 505 1360 550 patens
1382 501 1587 540 habehant.

189 555 486 605 quadringentos
506 555 595 593 inde
614 555 736 593 ferme
757 568 894 606 passus
915 556 1113 594 constituit
1134 555 1252 606 signa.
1285 556 1336 594 ihi
1354 557 1590 596 delectarum

189 611 408 650 cohortium
430 611 636 650 stationem
663 611 901 662 relinquens,
931 611 1123 663 praecepit
1152 611 1214 657 iis,
1244 624 1291 650 ne
1313 625 1354 651 se
1375 626 1420 652 ex
1438 625 1482 652 eo
1504 613 1591 651 loco

188 671 275 706 ante
307 673 524 712 moverent,
562 680 677 718 quam
714 668 795 718 ipse
822 668 868 706 ad
895 680 961 706 eos
991 667 1174 713 venisset,
1210 674 1357 707 ceteras
1385 669 1514 719 copias
1543 669 1589 708 ad

187 723 411 762 ulteriorem
432 728 583 774 partem
603 723 709 762 urhis
729 724 993 762 circumducit.
1025 724 1238 762 maximum
1261 738 1306 763 ex
1323 725 1503 763 omnihus
1520 737 1591 763 au-

188 779 285 818 xiliis
313 792 522 818 numerum
551 780 801 818 Suessetanae
831 780 1041 818 iuventutis
1062 780 1246 826 hahebat,
1278 794 1342 819 eos
1363 781 1409 818 ad
1431 793 1590 819 murum

189 835 493 886 oppugnandum
514 835 642 873 subire
664 835 780 874 iubet.
814 848 977 885 quorum
1000 835 1065 873 ubi
1086 848 1190 874 arma
1212 836 1396 887 signaque
1412 837 1591 875 Lacetani

189 903 414 942 cognovere,
436 903 645 937 memores,
668 903 781 941 quam
803 903 916 941 saepe
939 891 976 928 in
997 903 1085 941 agro
1102 903 1238 929 eorum
1260 892 1418 942 impune
1438 893 1591 943 persul-

189 952 344 991 tassent,
368 947 546 997 quotiens
568 947 672 997 ipsos
692 947 807 997 signis
828 947 973 985 collatis
994 947 1184 985 fudissent
1204 947 1497 999 fugassentque,
1520 961 1590 999 pa-

188 1003 326 1042 tefacta
353 1008 510 1053 repente
540 1009 652 1053 porta
680 1003 848 1041 universi
875 1003 913 1040 in
942 1016 1010 1041 eos
1031 1009 1252 1054 erumpunt.
1298 1004 1359 1042 vix
1381 1004 1590 1043 clamorem

188 1071 344 1104 eorum,
377 1059 519 1097 nedum
550 1059 740 1110 impetum
769 1059 993 1098 Suessetani
1012 1059 1196 1098 tulerunt.
1244 1061 1346 1110 quod
1369 1065 1589 1111 postquam,

188 1116 287 1154 sicut
315 1116 491 1154 futurum
518 1120 623 1154 ratus
653 1120 751 1161 erat,
789 1115 924 1154 consul
952 1116 1033 1154 fieri
1059 1115 1176 1154 etiam
1205 1115 1315 1162 vidit,
1345 1129 1445 1167 equo
1475 1117 1591 1156 citato

188 1172 322 1210 subter
343 1184 498 1210 murum
521 1172 692 1210 hostium
713 1171 757 1209 ad
780 1172 961 1210 cohortes
982 1172 1168 1217 avehitur,
1191 1178 1305 1222 atque
1326 1185 1388 1210 eas
1405 1178 1588 1223 arreptas,

189 1228 319 1266 effusis
341 1227 522 1265 omnihus
543 1228 589 1265 ad
611 1228 828 1277 sequendos
850 1228 1122 1272 Suessetanos,
1148 1240 1222 1278 qua
1243 1228 1439 1267 silentium
1461 1242 1503 1267 ac
1526 1242 1590 1267 so-

189 1283 310 1322 litudo
333 1289 426 1329 erat,
450 1283 489 1321 in
512 1284 646 1322 urbem
669 1283 826 1329 inducit,
848 1284 1030 1334 priusque
1053 1284 1181 1322 omnia
1204 1284 1314 1334 cepit,
1338 1297 1454 1335 quam
1471 1297 1511 1323 se
1527 1297 1595 1323 re-

189 1340 357 1391 ciperent
375 1339 566 1379 Lacetani.
599 1352 688 1378 mox
711 1340 813 1391 ipsos
835 1340 928 1378 nihil
944 1345 1097 1391 praeter
1112 1352 1217 1378 arma
1236 1340 1410 1379 habentis
1427 1341 1466 1379 in
1483 1341 1594 1381 dedi-

190 1508 243 1528 ται
285 1494 321 1528 δ’
358 1495 430 1528 ὑπὸ
464 1494 645 1529 πλειόιωι
679 1495 800 1529 ἐθιῶι
834 1494 852 1537 ἡ
972 1499 1058 1528 5-9.
1093 1497 1308 1537 deleet.eol1.,
1327 1510 1354 1529 c..
1376 1498 1426 1537 14,
1447 1499 1475 1537 7,
1494 1509 1520 1529 s.
1539 1498 1594 1530 die

183 1538 307 1594 χώρα,
335 1538 623 1584 φιωριιιωῐάτου
641 1539 679 1573 δὲ
699 1540 763 1573 τοῦ
782 1542 855 1573 τῶν
926 1542 1030 1572 stelle
1053 1551 1112 1572 aus
1136 1541 1221 1573 Plut.
1240 1542 1260 1584 ξ
1279 1543 1307 1573 9.
1333 1561 1376 1565 —
1399 1554 1434 1574 se
1451 1561 1473 1564 —
1493 1553 1590 1583 motu,

197 1586 481 1625 [ηκκητανῶν
543 1586 605 1629 ελγ
608 1587 744 1628 ομέιου
800 1596 855 1617 e1-
927 1586 979 1623 24,
999 1587 1046 1627 19,
1062 1587 1090 1617 5.
1106 1605 1147 1608 »-
1164 1587 1274 1621 ulter„
1287 1588 1373 1619 hier:
1394 1586 1591 1628 entferuter,

189 1631 318 1669 xxtihnt,
346 1631 488 1671 gemeint
517 1631 576 1669 ist,
606 1641 642 1662 so
666 1630 793 1662 scheint
818 1640 852 1661 es
926 1629 985 1662 auf
1004 1631 1063 1662 der
1086 1632 1231 1663 anderen
1256 1632 1355 1664 Seite.
1379 1651 1420 1654 —
1443 1643 1590 1675 maram,

189 1677 272 1707 doch
294 1675 489 1707 hedenklich
512 1686 552 1707 an
576 1687 612 1707 so
637 1676 747 1707 vielen
765 1675 854 1706 Stel-
927 1676 1002 1706 weil
1025 1676 1073 1707 sie
1098 1687 1160 1707 nur
1183 1688 1223 1708 an
1247 1678 1298 1708 die
1316 1676 1431 1708 Maner-
1454 1677 1590 1717 riicken‚

188 1721 253 1759 len,
283 1721 349 1761 vgl.
382 1721 464 1751 auch
493 1720 578 1752 Plut.
610 1720 690 1752 Cato
712 1721 762 1759 11,
792 1721 852 1752 den

189 1764 426 1797 iiberlieferten
449 1764 574 1796 Numen
597 1776 636 1796 zu
661 1766 801 1803 andern,
827 1776 852 1797 5.

188 1811 324 1842 Hermes
346 1811 373 1851 1,
392 1810 454 1841 337
466 1810 488 1841 f.
530 1811 593 1841 Das
611 1810 701 1843 Volk
726 1811 852 1841 wohnte

190 1866 252 1886 von
282 1855 557 1895 ‹1211,Abh'fingen
590 1856 648 1886 der
681 1855 853 1897 Pyren'fien

190 1900 238 1931 bis
254 1901 336 1931 nach
350 1899 435 1931 Osca
450 1899 628 1931 undllerda
640 1900 706 1931 hin.
734 1900 853 1932 Uebri-

189 1955 267 1985 gens
298 1944 396 1975 sollte
426 1955 498 1975 man
527 1945 678 1976 dasselbe
711 1945 774 1976 wic
801 1945 853 1976 die

189 1990 384 2029 Sedetaner,
415 1989 504 2020 viell.
536 1990 566 2020 in
595 1990 654 2020 der
673 1988 766 2020 N'a'he
795 1990 851 2021 des

189 2035 341 2076 spiiteren
366 2033 626 2075 C'zisaraugusta,
656 2045 681 2065 5,
713 2034 795 2065 Plin.
823 2034 852 2075 3,

189 2078 219 2118 3,
238 2079 296 2118 24,
321 2078 425 2110 Ukert
442 2079 524 2111 315:
548 2079 623 2117 317,
642 2079 693 2109 die
711 2079 853 2110 Auseta-

189 2134 256 2162 ner,
288 2124 340 2164 21,
370 2123 429 2162 23;
459 2122 540 2161 cof„
570 2123 660 2154 viell.
692 2124 773 2155 auch
799 2124 851 2155 die

189 2169 422 2205 Suessetaner,
457 2179 483 2199 5,
518 2169 576 2207 25,
607 2168 665 2204 34,
699 2168 735 2207 6,
770 2169 851 2199 nach

189 2224 216 2244 c.
239 2213 286 2254 16,
305 2214 339 2244 6:
364 2215 430 2245 lam
455 2214 562 2244 omnis
579 2218 642 2245 etc.
667 2214 767 2244 sehon
792 2224 852 2243 nn-

187 2258 369 2290 terworfen
398 2258 548 2299 glauben.
579 2276 621 2280 —
654 2257 731 2289 dum
756 2277 776 2280 —
799 2261 850 2289 est

187 2313 252 2335 occ.
273 2303 410 2334 vertritt
428 2304 479 2334 ein
498 2303 658 2342 Pr'a'sens,
682 2303 762 2334 doch
782 2303 849 2343 vgl.

189 2349 218 2382 5,
254 2348 301 2387 13,
334 2348 389 2379 13:
418 2347 496 2379 dam
515 2367 534 2370 —
555 2347 749 2385 e.z·elase›·e;
781 2348 848 2379 Cic.

190 2392 259 2423 Fin.
280 2393 310 2432 2,
337 2393 385 2433 13,
408 2393 468 2428 433
494 2393 584 2424 Brut.
605 2393 663 2429 75,
687 2393 769 2425 262:
796 2393 849 2431 81,

188 2437 252 2468 282
276 2448 306 2468 u.
333 2448 381 2469 a.:
405 2438 436 2469 S.
455 2438 550 2469 Rosc.
573 2438 627 2476 32,
651 2438 708 2469 91:
733 2437 813 2468 dum
832 2456 851 2461 -

188 2485 261 2513 erat
278 2485 470 2524 occupatas.
489 2501 531 2506 —
548 2484 680 2521 soce'or„
698 2493 723 2513 c.
744 2483 793 2522 16,
812 2482 848 2514 6;

190 2526 240 2567 11,
259 2526 307 2559 2f.
327 2546 367 2549 »ν
387 2527 482 2560 Rom.
499 2528 581 2568 coh„
599 2538 625 2559 c.
647 2528 697 2568 12,
715 2527 746 2559 6.

926 1725 1020 1752 sonst
1048 1721 1152 1753 heisst
1182 1732 1216 1753 es
1240 1722 1304 1753 wie
1328 1722 1347 1764 ξ
1367 1722 1401 1753 3;
1431 1722 1590 1765 oppidum.

925 1776 1134 1808 oppugnare.
1151 1785 1192 1789 ——
1207 1766 1363 1809 pet-salt„
1384 1777 1410 1798 s.
1428 1768 1482 1806 44,
1502 1767 1531 1808 9,
1551 1768 1588 1807 73

926 1811 1003 1842 Tac.
1022 1811 1105 1842 Ann.
1127 1811 1176 1851 11,
1206 1813 1224 1843 9
1254 1823 1283 1843 u.
1313 1822 1361 1851 a.;
1391 1811 1428 1842 L.
1455 1812 1506 1853 23,
1535 1811 1588 1853 42,

928 1856 982 1886 10:
1003 1866 1219 1898 percursare.
1245 1875 1286 1879 —
1311 1859 1410 1887 ratas
1434 1875 1452 1879 -
1475 1858 1589 1898 etiam,

925 1900 1001 1931 weil
1017 1901 1076 1932 der
1092 1899 1209 1941 Erfolg
1225 1901 1283 1932 der
1296 1901 1498 1942 Erwartung
1517 1905 1589 1932 ent-

925 1945 1059 1986 sprach,
1084 1945 1149 1985 vgl.
1170 1946 1198 1987 4,
1217 1945 1246 1987 8,
1266 1947 1294 1977 5.
1314 1964 1354 1968 —
1373 1946 1507 1983 subter,
1529 1957 1590 1977 un-

924 1990 1092 2021 mittelhar
1123 1995 1220 2021 unter
1242 1991 1302 2022 der
1319 1989 1434 2022 Mauer
1456 1990 1521 2022 hin.
1544 2010 1588 2014 ——

924 2036 1092 2068 avellitur.
1124 2046 1149 2066 5.
1176 2036 1229 2077 45,
1259 2035 1312 2074 33,
1342 2036 1380 2073 4;
1414 2036 1441 2075 t,
1471 2036 1524 2073 57,
1554 2035 1593 2067 8:-

923 2079 1031 2111 avolat
1061 2080 1212 2111 Romam.
1237 2099 1275 2102 —
1302 2080 1369 2111 Der
1396 2078 1501 2121 Hrieg
1529 2080 1591 2112 mit

923 2125 982 2155 den
999 2124 1203 2156 Lacetanern
1221 2123 1297 2156 fallt
1312 2125 1393 2156 nach
1406 2125 1490 2157 Plut.
1507 2136 1533 2156 c.
1547 2125 1584 2156 11

923 2170 1023 2200 sehon
1047 2170 1078 2200 in
1103 2170 1159 2201 das
1178 2168 1256 2210 folg.
1276 2170 1371 2201 Jahr.
1396 2168 1449 2202 ἔτι
1467 2167 1503 2201 δ’
1524 2167 1588 2202 αὒ-

924 2216 987 2245 tos)
1012 2213 1264 2257 (51a11›t,¹301r0§
1287 2212 1346 2246 ἐν’
1332 2217 1475 2267 Ιβηρίᾳ
1493 2217 1587 2255 Σκη-

924 2261 1058 2290 πί-ων
1076 2261 1282 2292 κατέπαισε
1305 2256 1368 2299 τὴι
1388 2257 1505 2303 ἀρχὴ)
1522 2271 1585 2291 τοι

922 2301 1110 2340 Ka‘umog
1157 2301 1175 2335 ὁ
1210 2303 1248 2336 δὲ
1279 2303 1398 2345 λαβὼν
1430 2306 1587 2347 σπείρας

922 2346 1084 2380 ὁπλιτῶν
1129 2350 1239 2381 πέντε
1275 2368 1296 2371 -
1335 2349 1588 2402 κατεστρέψα-

922 2404 962 2424 το
991 2413 1010 2416 -
1037 2394 1076 2424 τὸ
1108 2394 1334 2425 ίακετανῶι
1367 2392 1476 2429 ἔθνος
1507 2399 1585 2435 etc.‚

922 2438 1003 2469 eben
1027 2437 1148 2470 darauf
1165 2439 1262 2470 weist
1284 2439 1365 2469 auch
1389 2449 1417 2470 c.
1444 2439 1500 2475 19,
1527 2439 1587 2470 11:

920 2484 1093 2525 persoluto
1120 2483 1286 2525 stipendio
1308 2483 1379 2522 hin,
1410 2483 1475 2524 vgl.
1501 2484 1584 2515 Cor-

925 2528 986 2559 nel.
1018 2528 1038 2559 l.
1069 2528 1109 2559 l.:
1147 2529 1194 2559 ibi
1225 2530 1274 2568 (ιή
1303 2528 1479 2571 Hispania)
1508 2539 1584 2559 eum
