1715 2723
173 102 254 142 326
586 94 711 127 LIBER
726 93 887 127 XXXIV.
915 94 1007 126 CAP.
1026 93 1079 126 36.
1097 95 1151 126 37.

1427 112 1452 128 a.
1468 111 1496 129 u.
1511 104 1573 130 559.

170 201 295 248 benti3
316 200 555 239 iuventutem
578 200 777 247 praeterea
797 195 1007 235 civitatium
1028 207 1162 234 earum
1183 196 1230 235 ad
1258 199 1574 249 supplementum

123 266 144 297 4
171 259 282 307 longe
311 254 448 306 optimi
476 253 624 304 generis
656 252 823 290 militum
849 252 1024 291 habebat.
1066 252 1134 290 has
1163 252 1408 292 condiciones
1435 267 1575 306 quam-

172 325 289 364 quam
309 311 391 362 ipse
412 311 451 348 in
471 314 620 348 secreto
641 309 876 347 volutaverat
892 321 980 347 cum
997 307 1141 353 amicis,
1164 308 1275 358 vulgo
1292 314 1422 348 tamen
1438 323 1574 350 omnes

171 370 272 407 fama
287 367 475 411 ferebant,
499 365 616 410 vanis,
638 369 683 402 ut
703 364 749 403 ad
772 369 937 403 ceteram
959 364 1087 409 fidem,
1111 364 1166 402 sic
1186 364 1231 402 ad
1250 370 1396 404 secreta
1411 367 1575 417 tegenda

123 435 142 466 5
172 423 380 463 satellitum
400 422 595 473 regiorum
616 420 788 472 ingeniis.
820 432 899 459 non
927 426 1007 459 tam
1036 420 1165 458 omnia
1186 420 1355 460 universi
1376 434 1493 472 quam
1513 435 1569 469 ea,

173 492 270 531 quae
300 479 347 517 ad
377 490 571 529 quemque
599 477 854 528 pertinerent,
891 476 1030 527 singuli
1057 476 1276 527 carpebant.
1326 477 1390 527 qui
1417 479 1576 516 exulum

173 536 356 586 coniuges
387 536 427 573 in
459 534 707 572 matrimonio
736 533 927 571 habebant
957 538 1022 571 aut
1051 545 1095 570 ex
1126 532 1239 570 bonis
1271 545 1407 571 eorum
1435 534 1577 585 aliquid

173 592 445 643 possederant,
481 595 681 640 tamquam
717 589 912 635 amissuri,
948 600 1029 627 non
1048 588 1234 626 reddituri
1268 588 1575 640 indignabantur.

125 658 145 689 6
175 647 294 686 servis
322 647 489 685 liberatis
517 658 538 684 a
567 651 731 696 tyranno
766 657 845 683 non
872 645 978 683 irrita
1006 645 1123 683 modo
1150 645 1280 683 futura
1307 645 1478 693 libertas,
1509 646 1578 684 sed

172 704 295 742 multo
311 703 473 748 foedior,
491 715 607 753 quam
621 701 757 739 fuisset
771 706 871 746 ante,
888 701 1051 739 servitus
1067 700 1317 739 redeuntibus
1333 702 1372 739 in
1387 702 1578 740 iratorum

125 770 143 800 7
173 760 422 798 dominorum
458 763 692 808 potestatem
721 762 807 794 ante
839 757 971 794 oculos
995 756 1280 795 obversabatur.
1322 757 1578 796 mercennarii

173 816 315 854 milites
333 820 371 853 et
386 814 508 865 pretia
525 813 683 852 militiae
706 824 838 850 casura
855 812 893 849 in
910 824 1001 862 pace
1018 824 1128 861 aegre
1145 812 1331 858 ferebant,
1354 818 1392 851 et
1408 813 1578 851 reditum

174 872 247 909 sibi
273 871 423 909 nullum
461 870 500 907 in
527 869 698 908 civitates
724 867 921 913 videbant,
959 867 1128 905 infensas
1156 879 1235 905 non
1260 869 1430 918 tyrannis
1458 869 1578 919 magis

94 927 149 968 37
175 939 290 978 quam
312 925 539 964 satellitibus
562 936 711 963 eorum.
753 924 855 961 Haec
875 923 975 961 inter
995 935 1035 961 se
1056 923 1180 973 primo
1203 923 1242 961 in
1263 923 1415 963 circulis
1443 936 1577 962 seren-

124 992 144 1024 2
173 988 231 1021 tes
251 983 435 1027 freniere3
458 981 595 1019 deinde
616 980 745 1018 subito
774 980 819 1018 ad
853 991 959 1017 arma
982 979 1263 1017 discurrerunt.
1306 992 1382 1030 quo
1408 981 1579 1019 tumultu

173 1051 262 1078 cum
283 1050 352 1089 per
373 1051 412 1076 se
436 1037 528 1076 satis
549 1037 736 1075 irritatam
759 1035 1051 1074 multitudinem
1072 1040 1246 1074 cerneret
1261 1040 1459 1086 tyrannus,
1483 1048 1578 1075 con-

125 1104 144 1135 3
173 1095 323 1133 tionem
343 1094 520 1132 advocari
540 1094 664 1131 iussit.
701 1091 754 1130 ibi
775 1104 864 1131 cum
899 1105 961 1137 ea,
993 1103 1089 1142 quae
1115 1091 1401 1142 imperarentur
1427 1093 1473 1131 ab
1497 1093 1577 1131 Ro-

173 1151 311 1195 manis,
333 1150 575 1201 exposuisset
592 1154 629 1187 et
643 1149 813 1199 graviora
831 1153 946 1198 atque
962 1147 1175 1198 indigniora
1192 1148 1379 1198 quaedam
1395 1148 1492 1187 falso
1509 1149 1579 1187 ad-

172 1207 359 1251 finxisset,
383 1211 419 1244 et
441 1206 486 1244 ad
503 1205 650 1256 singula
671 1216 776 1243 nunc
792 1204 839 1243 ab
855 1204 1055 1249 universis,
1079 1215 1183 1242 nunc
1198 1216 1218 1241 a
1234 1204 1408 1254 partibus
1427 1204 1579 1243 contio-

173 1296 238 1328 soll
255 1306 295 1327 an
312 1296 365 1327 die
379 1306 443 1326 von
461 1295 519 1325 der
537 1294 640 1326 Kiiste
653 1293 840 1325 Abfahren-

173 1342 234 1372 den
266 1341 331 1371 und
362 1341 438 1371 dort
472 1339 665 1370 Landenden
701 1339 840 1379 gedacht

172 1386 317 1417 werden.
350 1385 417 1416 Der
446 1384 623 1416 Ausdruck
655 1384 698 1415 im
727 1384 838 1424 Folg.:

172 1430 218 1461 ad
238 1430 401 1473 supplem.
425 1429 514 1470 long.
540 1432 606 1471 opt.
628 1439 746 1471 gener.
770 1428 839 1459 mil.

173 1476 217 1507 ist
250 1475 514 1516 ungewo'hnlich:
550 1484 609 1505 zur
642 1473 840 1514 Erg'auzung

173 1520 283 1551 seiner
312 1520 426 1550 besten
460 1518 618 1549 Soldatcn
646 1519 753 1558 hatte,
784 1519 840 1549 be-

175 1569 288 1595 nutzte
306 1574 343 1595 er
362 1564 426 1603 sie,
446 1568 543 1594 statt:
571 1573 607 1593 er
626 1564 720 1594 nahin
739 1563 841 1593 daher

174 1609 265 1641 seine
289 1609 401 1640 besten
428 1608 602 1645 Soldaten3
627 1619 668 1638 zu
684 1607 741 1648 ad,
760 1607 842 1638 wel-

174 1655 250 1685 ches
274 1653 407 1694 Madvig
424 1654 520 1694 tilgt,
538 1653 604 1693 vgl.
624 1652 660 1691 3,
678 1652 738 1691 42,
764 1653 780 1682 7
799 1651 845 1683 ad

174 1698 460 1742 supplementunzg
487 1697 545 1737 23,
565 1698 616 1737 25,
639 1698 692 1728 11:
711 1699 843 1729 exerci-

174 1746 231 1783 tu,
263 1754 357 1785 quern
387 1743 433 1774 ad
456 1742 669 1785 praesidium
695 1742 843 1785 Apuliae

173 1789 327 1827 lzaberet3
352 1788 395 1819 ib.
415 1789 466 1828 32,
488 1787 545 1821 16:
574 1787 626 1826 39,
647 1786 700 1826 28,
718 1788 755 1819 4:
781 1788 842 1817 Ιια-

176 1833 273 1864 bebat
297 1834 379 1864 nach
402 1833 553 1863 habenti:
578 1832 704 1863 machte
729 1832 805 1863 dass
821 1850 844 1854 -

176 1887 263 1916 war,
296 1877 341 1908 ist
359 1877 435 1907 *wol
464 1867 748 1916 unbeabsichtigt3
782 1886 842 1908 zur

177 1921 280 1953 Sache
298 1921 364 1962 vgl.
384 1922 436 1958 35,
459 1921 509 1959 12,
528 1921 557 1952 8.

222 1967 298 1997 4-7.
332 1966 430 2008 famu
446 1966 527 2007 fen,
548 1966 614 2005 vgl.
635 1966 692 2001 23,
712 1966 764 2003 31,
786 1965 840 1996 13:

177 2010 335 2053 volgoque
350 2013 468 2052 patres
486 2012 533 2041 iffa
550 2010 648 2050 sama
662 2011 841 2050 ferehant3

177 2056 235 2086 das
264 2060 359 2086 sonst
388 2055 615 2095 gewiihnliehe
642 2055 740 2096 fama
769 2055 843 2096 fert

176 2100 292 2132 wiirde
305 2100 376 2131 hier
390 2100 481 2130 nicht
495 2109 623 2141 passeri.
641 2118 679 2121 —
695 2102 842 2130 ceteram

178 2146 210 2176 in
233 2145 377 2176 anderen
401 2144 542 2184 Dingen,
569 2144 709 2175 anderer
732 2144 844 2174 Bezie-

176 2190 275 2230 hung,
293 2200 320 2221 s.
339 2189 393 2229 25,
413 2189 464 2228 13,
484 2189 518 2218 7:
542 2191 655 2220 cetera
671 2188 842 2226 socordia;

179 2235 239 2274 42,
271 2234 331 2273 48,
361 2234 395 2264 2:
429 2235 541 2265 cetera
573 2233 775 2276 deprecatio.
801 2250 844 2256 —

179 2280 292 2310 omnia
323 2279 376 2310 die
403 2278 633 2318 Bedingungen
667 2278 732 2309 alle
762 2278 844 2308 ohne

179 2322 383 2361 Ausnahme3
404 2324 556 2355 universi
576 2323 620 2354 im
637 2321 843 2363 Gegensatze

180 2378 221 2398 zu
253 2368 313 2398 den
349 2368 545 2407 Einzelnen,
584 2368 635 2399 die
667 2368 771 2398 durch
801 2366 847 2398 ad

180 2423 342 2454 quemque
365 2417 449 2444 statt
471 2412 517 2443 ad
537 2424 583 2453 se,
607 2423 633 2444 s.
653 2411 710 2451 33,
729 2412 787 2449 32,
814 2412 844 2450 7,

182 2457 283 2488 neben
307 2457 437 2498 singuli
458 2457 540 2488 noch
556 2457 737 2488 besonders
759 2466 845 2488 mar-

182 2500 249 2532 kirt
266 2503 410 2541 werden,
428 2502 496 2543 vgl.
511 2502 540 2541 7,
560 2502 613 2542 34,
628 2501 658 2533 8.
672 2519 716 2523 -
729 2511 846 2544 posse-

912 1293 983 1325 der.
995 1318 1003 1333 ,
1035 1293 1067 1324 in
1096 1293 1206 1324 Besitz
1234 1303 1423 1334 genommen
1456 1294 1580 1334 hatten,

912 1349 978 1370 von
1005 1338 1151 1380 possido.
1177 1356 1220 1361 —
1247 1340 1414 1370 amissuri
1436 1343 1516 1370 ete:
1546 1339 1580 1370 in

913 1384 971 1414 der
985 1382 1084 1423 Lage,
1103 1384 1151 1414 als
1170 1383 1210 1414 ob
1224 1383 1271 1414 sie
1292 1384 1357 1422 (ihr
1370 1383 1579 1424 Eigenthum)

912 1428 1099 1467 verlieren,
1129 1428 1219 1459 nicht
1244 1427 1412 1468 (fremdes)
1437 1429 1581 1460 zuriiek-

913 1473 1016 1514 geben
1033 1474 1197 1512 miissten,
1215 1473 1281 1511 vgl.
1301 1474 1332 1512 4,
1351 1474 1403 1514 54,
1421 1473 1451 1503 7.
1470 1491 1514 1495 —
1528 1475 1580 1504 in—

913 1518 1067 1559 dignab„
1092 1528 1117 1548 s.
1143 1518 1201 1556 31,
1227 1517 1283 1558 30,
1303 1518 1340 1556 23
1370 1527 1439 1548 was
1463 1517 1582 1558 ObJect

914 1563 984 1593 sein
1004 1562 1113 1601 sollte,
1132 1561 1176 1592 ist
1193 1562 1224 1592 in
1244 1564 1344 1603 tamq.
1363 1580 1383 1584 -
1402 1561 1513 1593 reddit
1530 1563 1580 1594 als

913 1606 1065 1638 Attribut
1079 1606 1311 1646 ausgedriickt.
1325 1625 1369 1629 —-
1384 1609 1501 1648 servis,
1517 1608 1581 1647 die,

914 1663 978 1683 von
997 1652 1101 1683 denen
1118 1662 1144 1682 c.
1165 1652 1291 1692 31,14;
1312 1652 1365 1691 35,
1383 1652 1403 1683 4
1421 1652 1474 1683 die
1492 1651 1580 1683 Rede

893 1693 970 1736 ‘ist,
989 1707 1015 1728 s,
1031 1696 1084 1735 38,
1100 1696 1153 1735 34,
1167 1696 1197 1727 2.
1211 1714 1256 1718 ——
1272 1695 1471 1738 redeuntia,
1486 1707 1581 1728 wenn

915 1742 964 1773 sie
978 1760 999 1764 —
1012 1741 1171 1772 miissten.
1189 1759 1229 1763 —
1243 1751 1375 1779 casura,
1395 1740 1506 1782 fallen,
1526 1742 1581 1781 (im

915 1786 1043 1825 Preise)
1062 1786 1192 1827 sinken,
1213 1786 1280 1826 vgl.
1300 1785 1366 1817 Cic.
1383 1786 1481 1819 Verr.
1501 1787 1532 1825 4,
1550 1786 1581 1827 6,

918 1831 972 1862 12;
996 1830 1197 1865 concidisse:
1229 1841 1290 1861 nur
1315 1831 1377 1861 den
1402 1830 1581 1873 Tyr-annon

914 1885 1025 1913 waren
1044 1876 1091 1906 sie
1110 1875 1238 1915 niithig,
1257 1874 1372 1918 Polyb.
1395 1876 1446 1915 11,
1466 1876 1516 1907 13.
1537 1895 1581 1898 -

914 1922 1055 1959 civitat„
1080 1920 1132 1950 die
1161 1919 1300 1960 iibrigeu
1329 1921 1472 1961 griech.,
1491 1920 1581 1961 jetzt

914 1964 1051 1996 freieu
1077 1964 1222 1995 Staaten.

959 2003 1028 2041 37.
1056 2010 1130 2040 1-4.
1155 2010 1187 2040 in
1206 2008 1333 2048 circel„
1357 2019 1383 2040 s.
1403 2009 1456 2048 32,
1475 2009 1528 2049 20,
1545 2008 1583 2047 33

915 2054 968 2093 28,
988 2054 1040 2093 25,
1060 2055 1093 2084 5:
1113 2054 1172 2085 ubi
1185 2063 1358 2086 sermones
1374 2055 1465 2085 inter
1479 2065 1517 2085 se
1533 2064 1585 2085 se-

915 2101 1060 2131 rentium
1079 2098 1222 2130 ez'reulos
1240 2098 1412 2135 vidissent3
1429 2098 1584 2139 7‚12,14:

914 2146 947 2175 in
965 2143 1101 2175 circulis
1116 2144 1288 2185 fremere:
1310 2143 1353 2174 ib.
1375 2143 1428 2182 39,
1447 2145 1481 2173 b':
1503 2143 1584 2174 haec

914 2207 936 2211 κ
948 2189 1160 2220 sermonibus
1177 2191 1313 2228 serunt3
1333 2186 1380 2219 oft
1397 2197 1580 2227 sermones,

914 2235 1093 2274 orationes,
1112 2235 1299 2265 certamina
1315 2243 1428 2264 serere
1445 2243 1477 2263 u.
1491 2232 1519 2263 ἓ.
1539 2250 1582 2255 —-

914 2277 960 2309 ad
974 2288 1072 2309 arma
1089 2277 1183 2318 disc„
1202 2278 1285 2309 ohne
1299 2276 1419 2309 Befehl.
1435 2295 1478 2299 —
1495 2276 1583 2308 mul-

915 2322 1033 2362 titud„
1063 2322 1115 2353 die
1141 2323 1182 2353 im
1205 2323 1411 2363 Vorhergeh.
1438 2321 1582 2362 geschil-

915 2368 1020 2408 der-te,
1037 2367 1089 2398 die
1103 2367 1173 2398 also
1192 2366 1368 2398 bewaffnet
1384 2367 1417 2397 in
1431 2366 1481 2397 die
1494 2366 1581 2398 Ver-

916 2412 1099 2452 sammlung
1115 2412 1249 2451 kommt,
1267 2422 1292 2442 s.
1311 2410 1331 2452 ξ
1348 2411 1376 2452 6,
1394 2411 1460 2451 vgl.
1480 2421 1506 2442 c.
1526 2410 1580 2450 27,

917 2457 947 2488 6.
965 2475 1009 2480 -—
1027 2458 1193 2498 graviora
1209 2461 1290 2497 etc.,
1307 2456 1366 2495 32,
1385 2455 1444 2495 35,
1463 2455 1481 2486 3
1499 2466 1530 2487 u.
1549 2465 1579 2486 a.

916 2519 960 2524 —
975 2501 1065 2542 falso
1079 2501 1165 2543 ads„
1181 2500 1415 2544 pleonastisch‚
1433 2500 1496 2531 wie
1510 2499 1581 2531 vie-
