1715 2723
97 89 122 107 a.
144 82 194 108 Ch.
218 81 270 107 191.

96 184 216 230 bebis,
240 196 289 222 ne
312 184 493 222 transitus
512 184 697 223 Romanis
719 184 816 222 liber
838 196 881 222 ac
900 190 1006 223 tutus
1027 190 1163 235 pateat,
1187 190 1335 234 partem
1358 184 1404 223 ad
1426 185 1516 224 litus
1540 194 1580 225 19

525 81 649 113 LIBER
676 81 840 116 XXXVI.
874 81 965 113 CAP.
993 85 1010 115 7
1049 84 1077 116 S.
1464 82 1519 124 99

95 241 241 285 Italiae,
273 240 378 290 quod
410 240 624 279 Sardiniam
653 240 902 290 Africamque
927 247 1091 291 spectat,
1121 241 1291 287 traicies;
1317 241 1400 292 ipse
1427 253 1517 279 cum

99 295 281 336 omnibus
312 296 559 335 terrestribus
591 296 710 347 copiis
740 296 782 334 in
802 296 998 334 Bullinum
1019 309 1155 348 agrum
1184 298 1395 347 proeedes3
1425 297 1516 336 inde
1535 304 1579 336 20

98 353 276 392 Graeciae
305 352 554 403 praesidebis,
582 359 619 391 et
651 352 820 403 speciem
839 352 1025 391 Romanis
1056 353 1306 392 traiecturum
1337 359 1373 392 te
1402 366 1516 404 prae-

96 408 192 447 bens
223 415 270 453 et,
302 409 333 447 si
354 421 415 447 res
436 408 668 460 poposcerit,
699 409 939 447 traiecturus.
984 409 1076 447 haec
1097 409 1253 455 suadeo,
1286 410 1414 460 quint
1435 422 1516 448 non

98 465 224 503 omnis
255 465 512 515 peritissimus
543 465 615 503 sim
641 464 740 508 belli,
773 476 861 502 cum
882 465 1068 503 Romanis
1100 471 1202 504 certe
1232 465 1373 504 bellare
1401 466 1516 505 bonis

96 521 283 572 malisque
303 521 398 560 meis
422 521 546 559 didici.
588 521 628 559 in
652 532 748 571 quae
772 521 979 559 consilium
1002 521 1100 566 dedi,
1117 521 1157 559 in
1179 521 1312 560 eadem
1335 534 1406 560 nec
1425 522 1515 560 infi-
1535 533 1576 565 21

97 578 220 616 delem
252 589 325 616 nec
345 589 502 628 segnem
524 588 682 627 operam
703 576 900 627 polliceor.

942 577 992 615 dii
1014 577 1231 628 approbent
1251 590 1333 616 eam
1356 585 1515 617 senten-

96 635 198 677 tiam,
230 645 328 684 quae
358 633 426 672 tibi
457 633 600 683 optima
630 633 708 671 visa
740 633 892 672 fuerit.“

208 690 311 728 Haec
341 691 464 728 ferme
486 689 708 728 Hannibalis
741 690 860 728 oratio
893 689 986 735 fuit,
1019 701 1136 739 quam
1166 689 1374 728 laudarunt
1395 691 1515 741 magis
1536 701 1562 740 8

94 747 134 785 in
158 746 384 797 praesentia,
417 746 483 796 qui
503 746 672 792 aderant,
697 758 814 796 quam
835 745 952 784 rebus
972 746 1065 796 ipsis
1087 746 1257 784 exsecuti
1277 752 1389 784 sunt:
1421 746 1516 784 nihil

95 803 199 841 enim
228 814 366 841 eorum
397 804 540 840 factum
572 809 639 845 est,
669 803 743 841 nisi
775 802 879 853 quod
907 802 952 840 ad
977 803 1137 840 classem
1154 802 1362 853 copiasque
1382 814 1514 841 accer-

97 859 235 897 sendas
260 871 305 897 ex
329 859 416 897 Asia
438 858 718 910 Polyxenidam
740 859 854 897 misit.
897 859 1008 909 legati
1031 859 1203 897 Larisam
1230 858 1276 896 ad
1309 858 1515 897 concilium
1534 868 1554 899 2

97 915 373 954 Thessalorum
403 921 494 953 suut
516 916 635 959 missi,
668 921 703 954 et
724 916 866 954 Aetolis
888 915 1223 966 Amynandroque
1246 915 1326 953 dies
1349 915 1395 953 ad
1418 927 1515 953 con-

95 972 330 1010 veniendum
364 971 546 1010 exercitui
565 972 710 1010 Pheras
741 978 798 1010 est
827 972 972 1017 dictus3
1006 972 1142 1010 eodem
1174 978 1210 1010 et
1228 983 1297 1009 rex
1322 983 1413 1009 cum
1435 971 1515 1010 suis

97 1028 217 1078 copiis
248 1028 451 1066 confestim
484 1028 599 1066 venit.

650 1027 716 1066 uhi
743 1028 837 1066 dum
862 1028 1062 1078 opperitur
1085 1027 1382 1078 Amynandrum
1402 1034 1516 1077 atque
1535 1038 1554 1069 3

96 1084 252 1122 Aetolos
274 1084 498 1134 Philippum
519 1084 885 1135 Megalopolitanum
916 1096 1005 1122 cum
1028 1084 1183 1122 duobus
1208 1083 1363 1122 milibus
1384 1084 1515 1122 homi-

97 1239 121 1260 s.
148 1229 209 1267 32,
236 1229 275 1267 9,
301 1229 340 1268 6,
368 1228 471 1259 daher
496 1230 653 1260 transitus
677 1240 707 1260 n.
739 1231 772 1260 in

96 1275 277 1314 Graeciam,
307 1273 375 1314 vgl.
402 1272 493 1305 Caes.
518 1274 551 1305 Β,
578 1272 612 1304 C.
640 1275 679 1314 3,
709 1273 769 1305 7ff.

95 1337 137 1342 —
164 1320 318 1357 Sardin„
365 1329 429 1349 von
474 1318 532 1350 der
568 1318 768 1359 XVestseite,

97 1365 172 1396 dass
207 1364 260 1396 die
289 1363 436 1396 Ostseite
460 1364 525 1395 und
552 1363 687 1396 Sicilien
713 1374 771 1405 ge-

96 1411 225 1442 schiitzt
252 1409 322 1441 sein
346 1409 493 1451 wiirden,
519 1410 642 1441 konnte
662 1419 698 1441 er
716 1420 769 1441 er-

96 1459 242 1495 warteng
268 1466 292 1487 s.
316 1465 342 1487 c.
362 1457 393 1495 2,
417 1457 464 1488 10.
483 1473 528 1477 —
544 1467 612 1496 (tyr.
631 1457 771 1497 Bullz'n.,

95 1501 129 1532 in
164 1501 222 1533 der
246 1500 341 1532 N'zihe
366 1511 431 1531 von
456 1500 643 1542 Apollonia,
668 1505 770 1532 west—

96 1547 164 1578 lich
188 1557 252 1577 von
279 1545 511 1583 Dassaretien,
538 1556 577 1577 an
606 1546 664 1577 der
691 1546 772 1589 illy-

97 1592 227 1624 risehen
251 1590 373 1633 Riiste,
410 1593 472 1631 44,
506 1593 567 1631 30,
595 1593 654 1631 1ος
680 1591 772 1623 Caes.

98 1637 131 1668 Β.
158 1636 191 1668 C.
220 1638 257 1675 3,
284 1638 337 1670 49.
366 1654 409 1659 —
428 1639 590 1675 praesim,
629 1646 655 1669 c.
686 1639 715 1676 5,
743 1640 772 1670 5.

100 1701 140 1706 -
173 1689 208 1714 ut
231 1683 305 1722 (non
330 1682 447 1722 gehort
467 1692 506 1713 zu
531 1683 660 1722 omnis),
700 1693 724 1714 S.
752 1680 773 1723 ξ

105 1730 163 1770 103
189 1729 242 1768 28,
272 1729 323 1763 12,
353 1729 391 1768 ’ῖς
416 1726 482 1758 Cic.
501 1726 586 1758 Phil.
610 1728 662 1767 12,
681 1729 712 1769 3,
735 1729 771 1760 8:

100 1780 136 1805 ut
163 1784 226 1804 ozon
251 1773 367 1814 referet
383 1775 511 1813 pedem,
549 1775 673 1805 insistet
697 1779 776 1805 certe

99 1830 129 1851 u.
156 1828 185 1850 a.
210 1836 255 1841 —-
280 1820 390 1857 omnis,
413 1816 510 1858 jeder
529 1818 603 1858 Art,
628 1818 688 1849 mit
713 1819 774 1849 den

99 1864 237 1905 iibrigen
263 1863 421 1895 Viilkern.
441 1881 486 1885 —
505 1865 619 1896 bellare
636 1882 681 1886 -
698 1866 776 1905 did„

101 1910 164 1948 22,
190 1911 251 1949 29,
278 1911 307 1942 9.
328 1926 374 1931 —
400 1911 490 1940 bovis
514 1912 603 1945 mab,
632 1910 691 1949 30,
720 1910 774 1949 30,

105 1957 156 1988 10,
183 1972 225 1977 -—
252 1957 286 1985 in
318 1965 418 1995 quae,
456 1953 591 1986 worauf
610 1954 683 1993 hin,
722 1964 774 1985 um

102 2010 172 2031 was
189 2010 228 2031 zu
247 2000 427 2041 erreicheu,
446 2000 572 2031 sehloss
592 1999 661 2030 sich
674 1999 776 2031 leieht

104 2055 144 2076 au
172 2047 207 2076 in
230 2047 334 2077 eadem
359 2055 418 2085 an,
458 2045 524 2086 vgl.
554 2047 604 2084 10,
635 2047 688 2086 25,
719 2046 776 2077 12:

104 2093 137 2122 in
163 2097 333 2131 utrumque
355 2096 498 2122 auctores
523 2097 617 2128 suom·
656 2093 672 2122 Τ
688 2116 695 2129 ,
723 2092 777 2131 25,

104 2137 143 2178 9;
187 2134 337 2167 Kiihnast
370 2137 445 2169 251.
482 2153 518 2158 —
558 2138 606 2167 dii
638 2137 777 2176 appreh„

107 2180 173 2212 Cic.
197 2181 293 2213 Verr.
320 2184 350 2220 5,
382 2183 432 2216 19,
458 2183 511 2214 49.

151 2245 296 2284 8-12.
314 2247 621 2289 Unternehmungen
640 2249 695 2280 des
709 2246 779 2279 H'o'-

103 2293 176 2334 nigs
210 2293 253 2324 im
280 2293 424 2326 W‘inter.
492 2293 608 2336 Polyb.
641 2295 703 2334 20,
745 2296 780 2333 ὃς

104 2338 192 2372 Plut.
223 2338 348 2381 Philop.
384 2342 442 2378 173
486 2339 551 2370 Tit.
589 2340 649 2381 163
686 2339 780 2371 Diod.

107 2385 167 2425 29,
192 2386 231 2423 23
256 2385 332 2427 Syr.
358 2384 438 2427 App.
469 2387 526 2423 143
555 2386 613 2425 165
642 2384 720 2416 Zon.
749 2386 780 2425 9,

109 2431 168 2472 193
193 2429 271 2462 lust.
298 2431 352 2471 31,
377 2432 414 2470 63
442 2430 530 2462 Flor.
564 2431 591 2471 1,
617 2431 670 2463 24.

154 2499 248 2531 1--2,
283 2500 460 2538 iwpraes„
499 2496 552 2529 fiir
575 2496 680 2540 jetzt,
717 2507 781 2528 von

844 1228 936 1259 einer
953 1237 1185 1268 vwgangenen
1203 1227 1290 1267 Zest,
1313 1227 1377 1259 wie
1404 1228 1434 1269 2,
1460 1229 1515 1269 44,

841 1273 975 1313 2,xgl.
1002 1274 1062 1313 22,
1089 1275 1143 1312 60,
1171 1275 1210 1306 4;
1247 1273 1305 1304 dei
1330 1272 1519 1313 Gegensatz

840 1317 963 1359 (postea
988 1322 1053 1349 etxx
1057 1318 1086 1356 a)
1111 1317 1155 1349 ist
1176 1317 1268 1349 nicht
1285 1318 1518 1358 ausgedriickt,

841 1365 982 1396 sondern
1008 1365 1101 1395 rebus
1126 1365 1203 1403 ipsis
1227 1363 1422 1405 entspricht,
1451 1363 1516 1395 wie

841 1414 932 1441 sonst
956 1411 1069 1450 aeqbzs,
1094 1419 1129 1440 so
1154 1408 1228 1440 hier
1248 1411 1447 1441 laudm-um.
1471 1408 1519 1440 sie

840 1455 951 1487 lobteu
976 1464 1054 1494 nur,
1080 1454 1148 1494 xgl.
1163 1454 1242 1505 App
1264 1451 1338 1487 ὑπὸ
1358 1454 1399 1487 δὲ
1420 1450 1519 1499 φθό-

841 1513 908 1534 τοι
952 1512 1014 1537 τνς
1058 1511 1094 1532 τε
1144 1495 1251 1541 δόξης
1297 1496 1412 1532 αὐτοῦ
1456 1500 1518 1531 καὶ

842 1556 886 1579 σι
893 1548 1018 1582 ιεσεως
1031 1563 1073 1567 —
1091 1545 1262 1590 μεθῆκαν
1278 1541 1428 1578 ἅπαιτα
1442 1549 1506 1576 etc
1501 1569 1518 1585 .,

841 1591 908 1631 xgl.
932 1592 985 1629 35,
1009 1591 1065 1630 42,
1089 1592 1108 1622 6
1128 1590 1273 1622 fil—ad
1296 1601 1392 1629 coma,
1416 1600 1441 1621 s.
1464 1591 1518 1630 34,

843 1638 903 1677 513
929 1637 985 1672 42,
1014 1637 1067 1676 38,
1083 1637 1113 1668 5.
1137 1653 1181 1657 —
1206 1638 1343 1675 exercit„
1369 1635 1421 1667 die
1437 1634 1519 1666 For-

843 1681 906 1712 mel
942 1683 1022 1712 diem
1055 1682 1098 1712 ad
1131 1683 1378 1713 conveniendum
1403 1683 1520 1712 edicere

844 1726 990 1767 (dicere),
1017 1736 1057 1757 zu
1081 1726 1139 1757 der
1164 1730 1256 1757 sonst
1280 1736 1340 1757 nur
1368 1728 1522 1758 exercitui

844 1772 893 1803 als
918 1771 1017 1802 Dativ
1042 1771 1136 1810 tritt,
1173 1782 1197 1803 s.
1224 1782 1264 1802 zu
1291 1771 1353 1812 22,
1392 1772 1452 1810 11,
1479 1772 1519 1810 3;

843 1819 905 1853 41,
935 1818 994 1857 17,
1022 1817 1058 1855 ὃς
1097 1817 1150 1857 23,
1177 1818 1229 1855 31,
1257 1818 1296 1849 3:
1334 1818 1521 1858 Zeqz'onibus,

844 1861 972 1894 seheint
1005 1872 1046 1893 an
1072 1873 1101 1893 u.
1128 1861 1175 1893 St.
1199 1861 1259 1893 mit
1286 1864 1438 1894 emer-citui
1461 1872 1520 1893 zu-

844 1917 987 1939 sammen
1021 1906 1070 1938 als
1107 1907 1159 1938 ein
1184 1907 1310 1948 Begrilf
1341 1907 1522 1939 behandelt

845 1953 910 1984 und
942 1963 1005 1983 von
1040 1951 1161 1984 diesem
1188 1953 1246 1984 der
1272 1952 1391 1984 zweite
1417 1952 1519 1983 Dativ

843 2000 967 2030 Aetolis
990 1999 1077 2038 Am„
1102 1997 1167 2029 wie
1191 1997 1222 2028 in
1249 2000 1330 2030 dicto
1348 1999 1449 2030 alieni
1459 2009 1522 2029 au-

847 2046 979 2077 dientem
1013 2054 1075 2075 esse
1110 2043 1277 2084 abh'angig
1304 2043 1455 2084 gemacht
1480 2053 1520 2074 zu

846 2089 932 2121 sein:
963 2087 1017 2120 fiir
1041 2088 1093 2120 die
1117 2088 1248 2129 Aetol.,
1273 2088 1305 2119 in
1331 2089 1440 2128 Bezug
1465 2087 1527 2119 auf

847 2135 899 2166 die
925 2134 1006 2176 Ae.,
1034 2144 1087 2166 um
1112 2144 1147 2166 so
1175 2134 1268 2165 mehr
1292 2134 1332 2165 da
1357 2133 1429 2165 sich
1456 2135 1522 2165 dies

846 2183 890 2212 ad
920 2190 1005 2213 conv.
1031 2179 1122 2211 nieht
1147 2190 1183 2211 so
1209 2178 1270 2211 auf
1293 2179 1346 2210 die
1370 2178 1520 2218 Aetoler,

849 2226 922 2257 (lass
948 2225 995 2257 sie
1021 2225 1086 2257 alle
1110 2225 1259 2256 kommen
1285 2225 1409 2263 sollen,
1438 2223 1522 2254 noch

847 2271 994 2312 weniger
1032 2269 1091 2302 auf
1121 2270 1334 2312 Amynander
1364 2268 1521 2300 beziehen

848 2317 944 2348 kann.
979 2315 1162 2347 Antiochus
1180 2314 1333 2346 verfahrt
1351 2314 1400 2346 als
1420 2314 1523 2345 Ober-

849 2360 1007 2401 feldherr,
1021 2363 1138 2402 35,45‚
1154 2371 1188 2392 es
1205 2360 1289 2391 wird
1299 2363 1342 2391 ad
1357 2371 1442 2392 com).
1454 2371 1524 2391 cum

849 2410 986 2440 exercitu
1009 2407 1207 2438 vermuthet.
1222 2424 1265 2428 ——
1281 2407 1400 2438 Pheras
1421 2406 1473 2446 33,
1490 2407 1522 2437 6.

898 2499 996 2532 3-6.
1021 2499 1104 2530 Phil.
1130 2498 1192 2537 35,
1228 2499 1284 2531 47.
1309 2513 1352 2520 -·-
1380 2498 1523 2548 0992036.)

1254 2550 1302 2585 7*
