1715 2723
125 110 150 128 a.
172 101 221 128 Ch.
240 101 299 127 192.

546 99 671 133 LIBER
697 100 848 134 XXXV.
880 100 971 133 CAP.
998 102 1050 134 30.
1076 102 1128 134 31.
1485 100 1541 141 49

123 204 280 256 piehant
309 216 371 250 se;
402 203 529 253 primo
561 215 733 254 vespere,
759 208 801 241 ut
827 202 974 241 lumina
1004 202 1045 241 in
1076 202 1208 241 castris
1238 202 1410 241 hostium
1442 214 1539 240 con-

123 272 296 311 spexere,
319 272 339 298 e
361 259 520 310 regione
542 271 680 298 eorum
697 258 857 297 occultis
878 259 1023 297 semitis
1041 264 1323 304 setenue1·unt;
1345 258 1411 297 ubi
1423 270 1538 308 prae-
1561 267 1600 300 11

124 316 245 367 gressi
273 328 316 354 ea
346 321 448 362 sunt,
469 316 545 354 iam
564 321 692 354 tutum
716 314 786 353 rati
805 315 846 353 in
869 315 1031 365 patentis
1054 315 1134 353 vias
1157 315 1453 353 descenderunt.
1486 314 1539 353 ibi

123 372 272 422 excepti
302 371 349 410 ab
376 372 567 410 insidente
596 372 707 409 hoste
736 370 880 421 passim
910 371 959 409 ita
985 371 1095 409 multi
1117 371 1216 409 caesi
1238 371 1415 421 captique
1434 377 1538 418 sunt,

123 434 167 467 ut
186 429 248 467 vix
270 433 405 479 quarta
424 440 514 478 pars
535 427 583 466 de
606 432 686 466 toto
708 427 879 465 exercitu
889 427 1060 465 evaserit.
1088 426 1371 477 Philopoemen
1386 428 1537 466 incluso
1561 430 1600 462 12

122 491 288 536 tyranno
319 485 360 523 in
381 484 518 523 urbem
541 483 780 533 insequentis
804 483 884 521 dies
904 495 1027 533 prope
1051 482 1202 533 triginta
1223 483 1415 522 vastandis
1437 484 1537 533 agris

122 540 323 579 Laconum
344 540 570 590 absumpsit,
590 539 870 590 debilitatisque
890 551 933 576 ac
946 551 1069 589 prope
1087 538 1216 577 fractis
1226 539 1380 589 tyranni
1391 539 1537 578 viribus

125 597 286 636 domum
311 596 434 642 rediit,
460 595 714 646 aequantibus
731 608 820 634 eum
836 595 955 645 gloria
980 607 1114 633 rerum
1129 595 1290 633 Achaeis
1312 595 1538 645 imperatori

121 653 311 699 Romano,
343 658 379 691 et
399 652 504 702 quod
527 652 573 690 ad
603 651 804 690 Laconum
828 651 972 690 bellum
1006 650 1195 698 attineret,
1226 651 1536 702 praeferentibus
1562 661 1602 693 13

123 709 248 748 etiam.

234 765 335 803 Dum
365 764 465 802 iuter
487 764 659 802 Achaeos
682 769 719 802 et
742 769 953 814 tyrannum
973 763 1118 802 bellum
1141 769 1231 810 erat,
1260 763 1373 814 legati
1391 764 1538 802 Roma-
1559 762 1615 803 31

121 833 265 859 norum
289 820 452 858 circuire
473 820 669 859 sociorum
692 819 810 858 urbes
831 820 991 866 solliciti,
1022 832 1071 858 116
1093 819 1217 858 Aetoli
1238 820 1356 870 partis
1378 820 1539 858 alicuius

120 877 270 915 animos
303 876 350 915 ad
378 876 615 915 Antiochum
646 876 884 915 avertissent.
924 876 1131 915 minim-um
1155 888 1293 926 operae
1312 876 1354 915 in
1376 876 1538 915 Achaeis
1557 879 1576 911 2

121 932 308 972 adeundis
332 938 674 983 consumpserunt,
705 945 816 983 quos,
842 933 931 983 quia
952 932 1089 971 Nabidi
1107 932 1236 971 infesti
1256 938 1375 979 erant,
1404 933 1451 971 ad
1473 945 1537 971 ce—

122 997 201 1027 tera
233 1001 391 1039 quoque
419 989 507 1027 satis
538 988 635 1027 fidos
666 989 876 1027 censebant
904 1001 999 1028 esse.
1040 989 1210 1027 Athenas
1233 989 1417 1039 primum,
1447 989 1539 1027 inde
1558 996 1577 1026 3

121 1045 351 1091 Chalcidem,
374 1044 464 1083 inde
484 1045 524 1083 in
534 1045 770 1083 Thessaliam
791 1045 881 1092 iere,
905 1045 1150 1095 adlocutique
1170 1045 1332 1084 concilio
1345 1045 1539 1095 frequenti

121 1102 325 1140 Thessalos
346 1101 627 1140 Demetriadem
652 1101 723 1139 iter
744 1102 897 1140 flexere.
938 1114 982 1140 eo
1003 1102 1224 1152 Magnetum
1246 1101 1453 1139 concilium
1473 1101 1537 1139 in-

121 1157 266 1196 dictum
293 1163 361 1195 est.
397 1157 611 1196 accuratior
639 1157 693 1196 ibi
723 1157 898 1197 habenda
927 1158 1048 1196 oratio
1073 1158 1156 1203 fuit,
1189 1158 1293 1207 quod
1314 1170 1403 1208 pars
1426 1157 1536 1208 prin-
1557 1164 1579 1196 4

117 1293 284 1332 quisquam
320 1308 363 1312 ——
397 1291 556 1331 iudicabit,
589 1289 654 1330 vgl.
681 1299 707 1320 c.
741 1291 792 1329 14,

118 1338 148 1370 3.
173 1354 216 1358 —
237 1346 288 1374 pr.
311 1347 404 1376 vesp„
445 1334 538 1366 Caes·
564 1335 597 1366 B.
620 1334 653 1369 C.
679 1336 710 1375 2,
737 1335 792 1373 43,

118 1384 155 1421 1;
181 1392 206 1413 s.
232 1380 267 1412 L.
294 1382 348 1422 36,
377 1382 431 1420 29,
458 1383 489 1414 5.
515 1398 559 1402 —-
582 1392 607 1412 e.
632 1391 711 1421 req„
736 1381 791 1419 26,

118 1430 154 1465 5,
187 1428 206 1459 8
232 1437 261 1458 u.
290 1436 339 1466 a.,
377 1426 461 1458 auch
484 1428 627 1467 reyz'ooze,
652 1425 715 1456 wie
741 1425 793 1456 die

116 1472 225 1503 Bamb.
247 1470 300 1503 Hs.
319 1473 389 1511 hat,
412 1471 553 1502 braucht
570 1470 617 1511 L.‚
643 1481 668 1502 s.
687 1472 717 1510 3,
739 1471 793 1512 66,

118 1520 155 1558 53
182 1518 235 1557 31,
263 1518 318 1557 26,
348 1519 383 1557 13
411 1518 462 1558 33,
492 1518 543 1556 17,
562 1517 593 1549 6.
615 1518 794 1548 —semz'tis

114 1562 331 1594 verschieden
371 1572 436 1593 von
476 1562 537 1593 den
574 1559 790 1603 Bergpfadeu,

116 1610 254 1640 callibus.
283 1626 327 1630 ——
346 1609 537 1649 praeqressz',
563 1617 587 1638 s-
617 1608 646 1646 1,
671 1608 726 1646 45,
753 1608 792 1646 63

117 1655 171 1691 29,
209 1655 264 1692 32,
300 1655 329 1686 8.
366 1670 411 1674 -—
444 1664 489 1690 ea,
516 1652 568 1690 da,
598 1653 651 1691 32,
682 1653 732 1690 17,
758 1654 789 1691 4,

116 1699 184 1739 x‘gl.
211 1699 264 1737 36,
295 1700 345 1738 16,
373 1699 629 1730 S.-—z'ns2·deme
647 1697 790 1736 absolut,

117 1744 200 1775 doch
223 1744 268 1775 ist
285 1746 408 1783 passim
427 1743 492 1773 wol
520 1742 621 1773 dauiit
647 1753 688 1773 zu
712 1752 791 1774 ver—

117 1789 253 1829 bindeu,
297 1789 378 1820 iiber
416 1787 468 1820 die
493 1787 733 1827 Nachstellung
766 1798 791 1818 s.

118 1846 144 1867 c.
175 1836 229 1874 31,
257 1835 294 1874 ὃς
320 1836 375 1875 40,
402 1834 454 1873 37,
483 1835 519 1871 ὃς
543 1842 583 1864 zu
609 1834 662 1873 32,
690 1834 792 1871 31,6.

118 1898 162 1903 -—
184 1883 239 1919 ita,
260 1879 293 1910 in
319 1890 355 1910 so
381 1878 461 1910 weit
486 1878 584 1918 viele,
610 1878 643 1908 in
662 1878 794 1909 solcher

117 1925 246 1967 Menge,
272 1924 415 1956 bereitet
442 1934 505 1955 nur
530 1924 587 1955 das
608 1922 702 1964 Folg.
720 1933 792 1955 vor.

117 1989 161 1993 —
185 1973 310 2011 eaptz'q„
335 1980 361 2002 e.
386 1972 441 2009 29,
468 1971 499 2002 7.
536 1987 573 1990 ——
611 1971 646 2000 in
673 1970 791 2009 urbem,

117 2028 141 2048 s.
176 2018 229 2059 38,
254 2018 309 2055 42,
336 2017 374 2055 93
401 2016 454 2055 36,
485 2016 535 2054 16,
563 2017 592 2047 5.
622 2032 654 2036 -—
681 2017 791 2053 imper.

115 2064 207 2094 Rom.
239 2061 327 2092 kann
366 2071 426 2092 nur
453 2059 626 2101 Quinctius
655 2059 737 2099 scin,
765 2070 792 2091 c.

115 2109 178 2149 47,
205 2109 244 2146 4,
274 2107 332 2138 der
364 2105 408 2137 im
434 2105 630 2145 vorhergeh.
658 2103 792 2145 liriege,

117 2153 178 2193 34,
216 2153 259 2184 28
278 2151 330 2191 ffi,
369 2150 517 2191 weniger
553 2160 656 2191 565611
689 2148 792 2181 Nabis

117 2197 346 2239 ausgerichtet
367 2197 478 2235 hatte,
505 2195 557 2227 die
577 2195 792 2238 Bemerkung,

117 2244 191 2275 dass
229 2242 281 2274 (116
317 2241 447 2273 Thaten
485 2241 540 2272 des
573 2242 653 2272 rom.
691 2240 792 2272 Feld-

117 2289 216 2321 herrn
253 2287 304 2319 (116
341 2286 454 2318 friiher
485 2286 656 2318 erziihlten
689 2286 791 2326 seien,

117 2333 323 2365 anzudeuten
360 2332 489 2364 scheint
531 2331 568 2366 L.
609 2331 699 2362 nicht
739 2330 794 2363 fiir

117 2379 232 2420 niithig
275 2378 430 2419 gehalten
473 2388 512 2408 zu
555 2376 681 2416 haben,
725 2377 794 2418 vgl.

116 2423 230 2458 lustin.
243 2425 297 2465 31,
314 2425 345 2463 3,
363 2426 402 2457 4:
420 2426 510 2456 ouius
523 2424 557 2454 in
570 2434 603 2454 eo
616 2424 692 2454 bello
705 2429 795 2455 tanta

119 2473 223 2502 virtus
250 2471 383 2510 enituit,
426 2476 462 2501 ut
486 2470 632 2508 opinione
656 2470 796 2500 omnium

119 2517 302 2548 Flaminino
325 2517 469 2547 Romano
492 2515 678 2553 imperatori
713 2525 796 2546 com-

201 2575 257 2601 Tit.
276 2574 336 2601 Liv.
357 2574 432 2601 VIII.

856 1297 1033 1329 pararetur
1041 1302 1055 1332 ;
1081 1289 1166 1321 Plut.
1181 1289 1310 1331 Philop.
1338 1292 1376 1323 15
1391 1301 1422 1322 u.
1435 1289 1538 1322 Flam.

866 1336 905 1367 13
950 1336 1008 1366 hat
1045 1336 1106 1367 deu
1147 1339 1257 1367 ersten
1299 1336 1364 1367 und
1396 1335 1539 1367 zweiteu

861 1379 966 1421 Hrieg
989 1380 1080 1412 nicht
1104 1380 1367 1412 unterschiedeu.
1393 1399 1437 1403 ——
1457 1383 1543 1422 quod

861 1432 937 1467 am,
967 1427 1020 1466 23,
1048 1428 1101 1464 25,
1129 1427 1166 1458 3:
1190 1425 1392 1466 wenigstens
1417 1425 1450 1457 in
1475 1426 1537 1458 Be-

861 1470 1002 1512 ziehung
1034 1482 1064 1503 u.
1100 1482 1127 1503 s.
1154 1481 1215 1511 ψ,
1252 1472 1334 1502 611116
1359 1471 1540 1503 Riicksicht

861 1515 922 1548 auf
944 1517 1013 1555 das,
1038 1526 1108 1548 was
1135 1516 1309 1558 Quinctius
1335 1526 1441 1557 gegeu
1459 1516 1540 1548 Phi-

860 1562 967 1604 lippus
995 1562 1117 1603 gethan
1142 1563 1247 1593 hatte.
1282 1580 1324 1584 —-
1358 1564 1475 1594 zacon-
1501 1564 1540 1602 b„

862 1618 889 1639 e.
915 1609 969 1646 47,
1000 1610 1041 1646 43
1071 1609 1121 1647 14,
1150 1609 1186 1647 13
1217 1609 1270 1647 37,
1298 1608 1353 1649 49,
1376 1608 1396 1639 2
1421 1619 1452 1639 u.
1478 1618 1507 1639 a.

908 1649 1085 1688 31—33.
1110 1652 1170 1683 Die
1201 1651 1458 1683 Gesandtschaft
1484 1653 1542 1684 der

861 1697 980 1729 Rtimer
1004 1697 1037 1728 in
1064 1696 1316 1729 Griechenland.
1365 1696 1451 1731 Plut.
1473 1697 1539 1729 Tit.

865 1745 916 1776 15.

910 1789 1007 1823 1—3.
1042 1791 1117 1820 dum
1138 1805 1181 1809 —-
1210 1793 1288 1829 erat,
1320 1789 1371 1827 10,
1404 1789 1457 1828 36,
1489 1789 1540 1821 16.

862 1851 905 1855 -
925 1836 1027 1875 legati,
1046 1844 1072 1865 c.
1097 1834 1151 1872 23,
1175 1835 1203 1866 5.
1223 1851 1267 1854 —
1286 1835 1430 1870 circuire,
1455 1844 1482 1867 S.
1510 1844 1539 1868 c,

861 1880 925 1918 49,
957 1880 993 1919 1,
1021 1889 1075 1910 um
1103 1879 1187 1909 auch
1212 1878 1314 1909 durch
1339 1878 1391 1910 die
1417 1878 1539 1910 Wort-

862 1923 945 1955 form
971 1925 1028 1956 das
1051 1922 1258 1964 geschiiftige
1277 1922 1357 1954 Hin-
1374 1924 1440 1954 und
1457 1923 1541 1955 Her-

863 1970 966 2010 gehen
1004 1970 1151 2009 (solliciti)
1184 1979 1224 2000 zu
1260 1969 1479 2009 bezeichnen,
1514 1980 1539 2001 s.

864 2016 895 2054 3,
934 2016 983 2052 17,
1023 2016 1081 2055 103
1124 2016 1175 2054 10,
1203 2015 1256 2053 36,
1290 2016 1343 2047 111.
1369 2018 1543 2054 —partz's

863 2063 922 2102 ab,
962 2069 1079 2100 wegen
1103 2062 1225 2092 ammos
1253 2059 1298 2091 ist
1322 2069 1363 2091 an
1388 2059 1440 2091 die
1465 2063 1544 2092 socii

862 2105 967 2137 selbst
995 2116 1035 2136 zu
1062 2105 1207 2146 denken3
1246 2105 1328 2136 iiber
1351 2107 1487 2138 alicuius
1512 2116 1540 2138 s,

861 2152 924 2191 26,
960 2153 997 2191 5,
1025 2152 1055 2183 7.
1080 2169 1125 2172 —
1149 2153 1310 2189 averti-ss„
1344 2150 1468 2182 bereits
1496 2168 1544 2172 —-

861 2196 990 2236 hatten,
1015 2206 1039 2227 s.
1067 2197 1121 2236 27,
1148 2198 1203 2235 47,
1234 2198 1263 2235 7,
1290 2207 1320 2227 11.
1346 2208 1365 2227 α
1389 2208 1430 2235 se,
1461 2196 1542 2228 oder

860 2253 880 2274 a
903 2244 1045 2274 societate
1057 2244 1286 2279 Romanorum,
1312 2251 1337 2272 s.
1366 2243 1394 2281 1,
1414 2242 1465 2281 12,
1488 2242 1540 2281 10,

860 2287 929 2327 151.
954 2288 1008 2329 27,
1045 2288 1096 2327 17,
1123 2288 1154 2319 2.
1178 2304 1223 2308 —
1246 2288 1292 2318 ad
1312 2292 1379 2326 cet„
1405 2285 1459 2317 fiir
1488 2286 1540 2318 die

861 2332 998 2373 iibrigen
1043 2331 1293 2373 Verh'ziltnisse,
1335 2332 1396 2363 (1611
1437 2330 1542 2372 Hrieg

862 2377 921 2409 mit
945 2377 1138 2410 Antiochus.
1165 2395 1207 2400 -—
1232 2379 1383 2418 Dmnetr„
1413 2378 1466 2417 31,
1486 2378 1542 2418 24,

865 2425 902 2464 13
928 2434 971 2463 eo,
1001 2433 1031 2454 6.
1057 2424 1109 2462 27,
1140 2425 1190 2456 11.

910 2470 1010 2501 4-5.
1042 2472 1239 2507 accuratior,
1273 2476 1418 2508 genauer
1441 2466 1542 2498 iiber-

866 2513 985 2556 dacht,
1010 2515 1078 2553 26,
1103 2516 1164 2554 50,
1196 2514 1233 2552 33
1262 2515 1321 2553 42,
1347 2515 1410 2553 45,
1445 2514 1485 2552 23
1513 2522 1541 2544 c.
