1715 2723
162 707 213 747 19

239 101 292 141 36
673 96 797 128 mmm
812 95 943 129 XXXI.
968 96 1060 130 cAP.
1083 97 1133 129 18.
1154 97 1205 130 19.

1492 113 1517 130 a.
1535 112 1561 129 u.
1576 104 1638 130 554.

238 217 284 242 eo
304 201 435 241 furore
455 212 520 238 rex
542 199 759 251 suppressit
779 199 970 250 impetum
992 199 1161 238 militum
1181 202 1220 237 et
1242 198 1411 237 triduum
1429 211 1470 237 se
1490 199 1536 238 ad
1552 212 1640 239 mo-

190 269 209 300 8
237 258 416 298 riendum
444 256 635 307 Abydenis
663 256 753 294 dare
782 255 887 294 dixit.
937 268 1014 307 quo
1042 255 1166 317 spatio
1194 255 1303 306 plura
1333 255 1504 293 facinora
1530 255 1571 293 in
1599 267 1641 294 se

238 314 323 353 victi
345 313 562 358 ediderunt,
593 325 708 363 quam
736 312 866 351 infesti
896 312 1103 351 edidissent
1123 311 1299 354 victores,
1322 322 1404 357 nec,
1428 311 1501 349 nisi
1522 323 1640 362 quem

237 370 387 409 vincula
408 374 474 408 aut
494 368 563 407 alia
584 368 792 407 necessitas
814 369 914 407 mori
929 368 1139 420 prohibuit,
1162 367 1368 418 quisquam
1384 367 1491 405 vivus
1512 367 1552 405 in
1566 380 1641 418 po-

237 431 419 465 testatem
454 425 567 464 venit.

613 424 812 475 Philippus
840 425 1023 476 imposito
1044 424 1165 475 Abydi
1191 423 1382 475 praesidio
1412 423 1450 461 in
1478 435 1640 475 regnum

191 492 210 523 9
237 482 362 522 rediit.
395 494 485 521 cum
505 481 609 520 velut
632 481 792 532 Sagunti
813 480 1003 520 excidium
1024 479 1239 525 Hannibali,
1262 480 1316 518 sic
1337 479 1514 530 Philippo
1536 480 1639 531 Aby-

239 539 430 578 denorum
453 538 578 577 clades
600 537 647 575 ad
669 538 887 576 Romanum
904 537 1047 576 bellum
1065 536 1214 575 animos
1236 536 1402 582 fecisset,
1425 535 1551 574 nuntii
1572 548 1639 575 oc-

239 599 444 635 currerunt
465 594 665 633 consulem
694 593 770 631 iam
798 593 838 631 in
858 593 975 646 Epiro
1004 606 1089 632 esse
1117 597 1154 631 et
1174 592 1415 644 Apolloniam
1446 591 1641 631 terrestris

237 651 380 702 copias,
403 650 545 689 navalis
567 650 771 702 Corcyram
793 650 832 688 in
852 650 1019 689 hiberna
1041 649 1259 688 deduxisse.

349 707 455 746 Inter
470 707 564 745 haec
580 706 725 757 legatis,
752 706 817 757 qui
839 706 876 744 in
895 706 1063 745 Africam
1080 705 1186 744 missi
1203 710 1325 750 erant,
1349 704 1394 743 de
1411 703 1640 749 Hamilcare,

238 763 369 803 Gallici
389 763 581 802 exercitus
610 763 719 809 duce,
747 774 980 813 responsum
1007 774 1027 800 a
1054 761 1433 812 Carthaginiensibus
1461 765 1520 799 est
1546 759 1642 799 nihil

238 820 339 859 ultra
360 832 400 858 se
421 819 545 858 facere
566 831 693 870 posse,
717 831 833 869 quam
864 824 909 858 ut
935 818 1046 857 exilio
1074 831 1165 857 eum
1187 817 1407 864 multarent,
1436 816 1537 855 bona
1557 816 1641 855 eius

190 883 208 915 2
237 875 497 927 publicarent,
518 875 697 925 perfugas
719 879 757 912 et
777 874 970 925 fugitivos,
993 886 1090 924 quos
1111 873 1342 923 inquirendo
1363 873 1548 924 vestigare
1568 885 1641 924 po-

237 931 396 976 tuerint,
416 929 628 969 reddidisse
650 935 690 968 et
711 929 757 967 de
778 942 821 967 ea
841 941 882 967 re
905 929 1093 967 missuros
1115 929 1257 979 legatos
1279 929 1459 975 Romam,
1491 928 1558 979 qui
1578 940 1641 967 se-

239 986 346 1026 natui
373 986 651 1025 satisfacerent.
693 985 858 1024 ducenta
886 985 990 1024 milia
1016 984 1193 1023 modium
1220 984 1337 1023 tritici
1357 985 1537 1030 Romam,
1568 984 1641 1023 du-

191 1050 211 1081 3
239 1048 349 1083 centa
366 1043 412 1082 ad
428 1041 641 1080 exercitum
663 1041 703 1079 in
718 1040 983 1080 Macedoniam
1008 1040 1210 1079 miserunt.
1249 1040 1338 1078 inde
1363 1040 1403 1079 in
1419 1040 1642 1079 Numidiam

239 1099 286 1139 ad
306 1111 414 1149 reges
435 1098 600 1149 profecti
620 1097 745 1148 legati.
778 1098 877 1137 dona
900 1098 987 1136 data
1002 1096 1224 1135 Masinissae
1246 1096 1504 1147 mandataque
1525 1096 1640 1134 edita.

189 1164 211 1195 4
240 1155 387 1207 equites
405 1154 508 1193 mille
526 1153 726 1198 Numidae,
751 1166 839 1193 cum
857 1162 926 1194 MM
945 1153 1064 1199 daret,
1095 1152 1252 1204 accepti.
1286 1152 1365 1203 ipse
1387 1152 1428 1191 in
1443 1152 1549 1191 navis
1565 1152 1641 1190 im-

242 1293 331 1325 nicht
353 1293 480 1333 hiiulig,
505 1305 532 1325 5.
551 1293 617 1325 Cic.
643 1293 733 1326 Fam.
752 1294 788 1334 4,
809 1295 863 1337 12,
883 1294 902 1326 2

243 1338 451 1381 (Sulpicius),
471 1337 563 1370 Caes.
581 1339 615 1370 B.
635 1338 676 1370 G.
694 1341 725 1378 5,
744 1339 804 1379 37,
824 1339 903 1372 Tae.

242 1383 278 1414 H.
298 1385 333 1424 4,
355 1384 391 1414 11
411 1388 518 1422 extr.;
544 1384 682 1425 Quintil.
703 1385 739 1424 7,
758 1384 793 1426 3,
813 1385 841 1416 7.
862 1404 903 1408 —

243 1430 315 1459 vias
331 1428 402 1470 leti,
422 1428 482 1468 27,
500 1428 559 1468 49,
579 1429 614 1460 2:
632 1431 685 1461 via
701 1431 832 1472 mortis,
850 1430 903 1471 40,

246 1473 336 1512 13,1
358 1484 388 1503 ιι
408 1484 436 1504 a
447 1474 619 1514 ,dagegen
637 1475 695 1516 40,
715 1475 751 1514 4,
772 1475 827 1506 14:
851 1476 905 1506 via

241 1517 287 1549 ad
293 1497 464 1557 ‘mor'tenu
489 1497 840 1572 vgl.⁰P01.:9÷m9«3v
863 1517 903 1551 τὸ

243 1562 389 1615 πλῆθος
418 1583 438 1586 -
468 1564 539 1596 τῶν
554 1564 662 1616 σφᾶς
691 1562 823 1600 αὐτοὺς
845 1565 905 1596 καὶ

240 1604 284 1639 τὰ
307 1607 415 1639 τέκνα
439 1609 499 1639 καὶ
523 1608 588 1644 τὰς
609 1611 785 1661 γυναῖκας
808 1608 904 1641 ἀπο-

242 1649 483 1703 σφαττόντων
529 1651 786 1687 κατακαόντων
831 1651 906 1686 ἀπ-

240 1694 443 1740 αγχόντων,
457 1699 508 1734 εἰς
520 1696 562 1731 τὰ
578 1699 752 1751 φοιέαταε
733 1697 907 1753 ριπτούι-

240 1753 322 1782 των,
351 1729 717 1786 κατακρημνιζοντων
737 1742 814 1776 απὸ
836 1745 907 1777 τῶν

241 1787 366 1829 τεγῶν,
385 1772 567 1830 ἓκπλαγῆς
586 1787 627 1827 ἠν
645 1789 880 1829 (ΦιἍλιππος)

287 1831 337 1861 8-
346 1832 376 1862 9.
402 1831 538 1862 edidi-ss.
557 1832 619 1862 wie
633 1832 666 1862 in
680 1833 906 1873 Bedingungs-

242 1874 366 1916 s'atzen,
385 1886 411 1906 5.
431 1886 459 1906 c.
479 1875 531 1915 23,
554 1876 609 1915 113
629 1876 682 1914 42,
702 1877 730 1918 7,
749 1878 781 1907 in
798 1877 906 1917 Bezug

242 1918 301 1950 auf
313 1920 372 1950 das
390 1919 593 1952 Priiteritum
611 1920 805 1962 ediderunt,
831 1932 857 1953 5.
875 1922 904 1963 2,

244 1964 302 2004 33,
332 1964 368 2006 9,
402 1969 496 1996 sonst
524 1965 644 1996 kiinnte
678 1976 751 1997 man
781 1966 909 1998 edituri

243 2008 377 2050 fuerint
401 2019 438 2041 e1
442 2015 579 2041 warten
602 2029 646 2032 V
669 2012 701 2041 ι’11
722 2013 847 2053 potest.
873 2023 904 2043 n.

243 2054 401 2085 hostium.
419 2073 462 2077 -—
479 2054 594 2097 Abyde
609 2057 706 2098 imp,
730 2066 756 2087 s.
775 2056 832 2097 24,
852 2057 902 2096 37,

246 2097 282 2136 8;
302 2099 338 2138 8,
358 2099 417 2139 23,
435 2099 472 2139 6,
497 2111 537 2130 zu
555 2101 613 2140 4¹
633 2100 669 2142 6,
690 2102 738 2132 10
757 2120 799 2123 —
819 2101 905 2132 velut

244 2145 391 2185 am'moe,
409 2123 480 2184 vgi.
508 2145 566 2183 21,
592 2125 649 2186 41,
674 2146 703 2176 8.
727 2164 769 2168 —
794 2147 860 2176 iam
883 2165 904 2168 -

244 2199 328 2228 esse,
342 2187 380 2219 L.
395 2190 482 2229 geht,
495 2190 649 2220 nachdem
663 2200 700 2221 er
714 2201 772 2221 aus
787 2190 903 2233 Polyb.

246 2244 272 2264 c.
301 2233 420 2264 14-18
449 2234 520 2265 eine
549 2235 666 2266 zweitc
690 2235 905 2276 Darslellung

245 2278 304 2308 der
321 2277 528 2319 Entstehung
551 2280 606 2310 des
626 2278 766 2321 Hrieges
790 2291 829 2311 zu
847 2281 905 2312 der

245 2322 306 2353 den
324 2322 519 2355 Annalisten
544 2324 734 2356 entlehnten
757 2336 783 2356 o.
810 2325 904 2356 1-13

245 2366 461 2409 hinzugefiigt
482 2369 547 2399 und
571 2369 622 2401 die
640 2369 831 2410 Ereignisse
855 2370 904 2402 bis

246 2412 277 2442 in
301 2412 363 2442 den
386 2412 509 2444 Herbst
538 2414 601 2446 554
625 2424 654 2445 a.
680 2425 712 2445 u.
737 2415 819 2446 kurz
849 2426 905 2445 zu-

246 2459 527 2497 sammengestellt
544 2459 614 2500 hat,
633 2458 692 2490 auf
705 2470 731 2490 c.
755 2460 808 2501 14,
832 2460 904 2491 1-3

247 2501 308 2531 und
333 2501 384 2532 die
408 2502 601 2535 Annalis-ten
632 2504 772 2545 zuriick,
801 2505 904 2536 denen

977 1308 1003 1328 c.
1027 1295 1166 1336 19—22,
1185 1296 1203 1326 3
1231 1301 1437 1327 entnominen
1461 1296 1515 1328 ist.
1538 1314 1582 1318 ——
1606 1298 1642 1328 in

976 1341 1056 1384 Ep.,
1079 1341 1123 1372 im
1140 1341 1300 1372 weiteren
1318 1341 1414 1381 Sinn,
1437 1351 1488 1373 wo
1506 1351 1541 1373 es
1559 1341 1642 1373 auch

977 1386 1073 1418 einen
1091 1386 1187 1417 Theil
1210 1386 1369 1429 Illyricas
1393 1385 1549 1428 umfasst,
1574 1386 1640 1428 vgl.

979 1432 1032 1471 35,
1050 1431 1103 1472 24,
1122 1432 1150 1462 7
1170 1450 1212 1453 —
1230 1431 1397 1474 Aponon„
1416 1443 1441 1463 5.
1462 1432 1514 1471 24,
1529 1432 1584 1464 40.
1597 1448 1642 1454 -

980 1476 1116 1518 Corcyr.
1140 1478 1174 1507 in
1198 1477 1264 1508 kib.
1276 1477 1376 1517 ,vgl.
1394 1477 1451 1518 28,
1471 1477 1531 1517 37,
1550 1476 1580 1508 9.
1599 1494 1643 1500 —-

978 1522 1174 1560 Ιιιὺα1·1ι(ι,ο.
1195 1522 1249 1561 22,
1270 1500 1300 1552 4.

1025 1560 1094 1599 19.
1118 1565 1341 1598 Nachrichten
1358 1577 1416 1598 aus
1432 1564 1558 1604 Africa,
1578 1565 1642 1596 Zo-

981 1611 1101 1650 nar.9,
1123 1611 1173 1642 13.

1029 1655 1113 1687 1-2.
1140 1657 1172 1687 z‘n
1190 1655 1293 1697 Asin,
1319 1666 1346 1686 c.
1369 1655 1426 1696 11,
1444 1656 1474 1686 4.
1492 1673 1536 1677 —
1552 1654 1644 1686 ultra

980 1712 1009 1743 q.
1039 1703 1094 1739 ut,
1126 1700 1299 1740 s.s,33,
1326 1700 1381 1731 19:
1411 1710 1474 1741 quo
1502 1699 1595 1732 ultra
1623 1716 1645 1722 -

979 1756 1081 1787 quam
1099 1748 1165 1784 nt.;
1186 1746 1245 1785 25,
1264 1746 1300 1784 9,
1319 1746 1355 1784 63
1381 1745 1440 1785 40,
1459 1745 1520 1784 30,
1538 1745 1574 1783 53
1600 1743 1642 1775 ib.

981 1791 1040 1827 59,
1060 1790 1078 1821 8
1102 1801 1131 1820 ιι.
1158 1800 1185 1820 a.
1211 1807 1256 1812 —-
1278 1789 1415 1820 nmltar.
1440 1789 1513 1820 hier
1537 1789 1642 1829 allge-

980 1834 1081 1865 mein:
1106 1832 1286 1865 besti-afen.
1304 1851 1346 1856 —-
1365 1834 1451 1864 bona
1475 1838 1560 1873 etc.,
1584 1833 1642 1865 das

980 1878 1175 1921 Asyndeton
1198 1878 1262 1909 wie
1287 1878 1346 1917 22,
1365 1878 1424 1917 39,
1444 1878 1481 1917 33
1509 1878 1568 1918 45,
1587 1878 1640 1918 25,

982 1924 1021 1954 12
1039 1934 1069 1954 ιι.
1090 1933 1119 1954 a.
1137 1941 1178 1945 —
1193 1923 1334 1965 public„
1353 1934 1380 1954 c.
1402 1923 1458 1963 13,
1477 1923 1508 1954 4.
1527 1941 1570 1946 —
1588 1933 1642 1954 ve-

978 1970 1070 2009 stiga,
1089 1968 1142 2003 32,
1158 1967 1210 2007 26,
1228 1968 1277 2001 13,
1296 1987 1337 1989 w-
1356 1967 1525 2009 satisfac„
1543 1978 1570 1999 s.
1586 1967 1638 2006 21,

982 2014 1032 2052 10,
1055 2012 1111 2051 133
1132 2013 1190 2051 32,
1213 2013 1269 2052 14,
1288 2012 1317 2043 6.
1337 2032 1379 2035 ᾖ
1397 2012 1563 2052 modium,
1581 2012 1641 2043 der

978 2057 1104 2088 modius
1119 2058 1158 2100 23
1176 2056 1317 2097 Metzen,
1335 2060 1352 2100 ,¹3
1366 2057 1506 2089 Scheffel
1518 2057 1640 2089 Prous-

981 2102 1079 2133 sisch.

1024 2147 1112 2178 344.
1138 2147 1247 2187 duret,
1266 2148 1369 2188 geben
1388 2147 1511 2187 wollte,
1528 2146 1640 2186 anbot,

979 2202 1003 2223 5.
1023 2192 1060 2231 9,
1079 2192 1137 2231 41,
1158 2192 1192 2230 3;
1212 2193 1281 2233 vgl.
1300 2192 1360 2233 23,
1383 2191 1439 2231 19,
1458 2192 1495 2227 7;
1514 2191 1567 2230 25,
1587 2190 1640 2231 33,

979 2238 1015 2276 5,
1039 2236 1120 2267 oben
1144 2248 1170 2268 c.
1193 2237 1251 2275 17,
1270 2237 1299 2268 3.
1319 2237 1465 2279 —z‘pse,
1489 2246 1526 2267 er
1551 2235 1641 2277 triigt

979 2281 1049 2312 ·ι15ο
1065 2282 1145 2312 auch
1160 2282 1211 2313 dit
1220 2280 1348 2313 Hosten
1362 2279 1641 2320 derUeberfahrt,

980 2326 1129 2366 obglcich
1144 2329 1314 2370 imponere
1327 2337 1361 2357 m
1369 2336 1470 2357 nates
1482 2326 1642 2357 zun'achst

980 2382 1041 2402 nur
1058 2372 1114 2402 das
1129 2372 1328 2403 Einschiffen
1342 2371 1542 2402 bezeichnet.
1569 2369 1641 2401 Ma-

979 2416 1099 2447 sinissa
1129 2428 1160 2447 u.
1186 2417 1237 2447 die
1262 2416 1460 2455 Caithagcr,
1490 2415 1640 2456 obglcich

979 2460 1040 2492 frei
1065 2462 1129 2492 und
1152 2461 1374 2501 selbst'zindig,
1400 2460 1471 2491 sind
1489 2460 1571 2491 doch
1588 2459 1638 2490 als

978 2506 1269 2547 Bundesgenossen
1309 2517 1349 2537 zu
1388 2505 1523 2537 solchen
1560 2503 1635 2536 Lei-
