1715 2723
209 1012 229 1043 9

735 113 860 147 Lmen
875 113 1006 147 ΧΧΧΙ.
1025 113 1117 146 CAP.
1137 114 1189 146 50.
1441 130 1466 146 a.
1483 128 1509 146 ι..
1525 122 1586 147 554.
1601 98 1680 148 555.-

255 116 308 156 98

254 216 395 257 Baebio
417 215 635 266 Tamphilo,
659 216 723 267 qui
742 221 898 267 praetor
919 216 1140 267 designatus
1161 219 1255 262 erat,
1278 219 1338 254 ter
1356 216 1428 254 toti
1448 216 1663 256 instaurati.

255 280 293 312 et
313 272 392 311 ludi
413 271 596 311 funebres
617 285 663 311 eo
690 284 792 311 anno
820 285 890 323 per
916 272 1175 324 quadriduum
1203 271 1243 309 in
1269 271 1356 310 foro
1382 272 1522 311 mortis
1549 285 1664 313 causa

256 329 309 368 M.
331 328 455 367 Valeri
470 328 626 367 Laevini
642 341 663 367 a
683 328 726 366 P.
748 333 787 367 et
807 328 856 367 M.
879 329 966 367 filiis
995 330 1076 367 eius
1102 327 1213 373 facti,
1244 332 1283 365 et
1309 339 1454 366 munus
1476 328 1663 379 gladiato-

255 386 357 424 rium
378 384 511 423 datum
532 385 578 423 ab
600 384 662 430 iis3
683 384 790 436 paria
811 385 980 436 quinque
1001 390 1039 423 et
1058 383 1190 435 viginti
1210 388 1443 434 pugnarunt.
1473 384 1522 422 M.
1540 385 1664 423 Aure-

255 442 329 480 lius
351 440 463 479 Cotta
484 440 678 480 decemvir
698 452 898 480 sacrorum
921 446 1121 486 mortuus3
1139 440 1179 478 in
1200 440 1281 478 eius
1302 439 1430 478 locum
1452 439 1499 478 Μ’
1521 440 1664 480 Acilius

257 497 411 548 Glabrio
431 497 629 536 suffectus.

369 553 543 592 Comitiis
564 553 705 592 aediles
728 553 879 592 curules
901 553 1019 592 creati
1047 557 1138 591 sunt
1158 552 1259 590 forte
1281 552 1414 597 ambo,
1445 551 1511 603 qui
1531 552 1663 591 statim

258 609 432 660 occipere
454 609 721 660 magistratum
743 620 823 647 non
838 613 1010 660 possent.
1053 620 1142 647 nam
1161 608 1277 646 Gaius
1300 607 1500 647 Cornelius
1522 608 1662 647 Cethe-

257 678 326 716 gus
352 665 489 704 absens
517 671 667 704 creatus
697 670 797 712 erat,
826 678 915 704 cum
936 664 1158 716 Hispaniam
1187 664 1378 703 obtineret
1406 664 1663 715 provinciam3

258 722 298 760 C.
320 721 493 760 Valerius
514 722 693 766 Flaccus,
723 733 838 771 quem
869 726 1115 772 praesentem
1138 725 1379 766 creaverant,
1412 720 1501 771 quia
1521 721 1663 759 flamen

256 777 371 816 Dialis
391 782 486 822 erat,
510 778 636 816 iurare
652 777 692 816 in
713 777 814 828 leges
835 789 915 816 non
935 782 1110 828 poterat,
1134 777 1402 827 magistratum
1425 781 1556 815 autem
1576 776 1663 828 plus

259 833 427 884 quinque
450 833 551 880 dies,
579 833 653 872 nisi
675 833 738 884 qui
760 834 923 872 iurasset
943 833 984 871 in
998 834 1119 884 leges,
1152 844 1232 871 non
1251 832 1389 871 licebat
1409 844 1552 884 gerere.
1592 844 1662 883 pe-

255 894 361 928 teme
381 889 531 935 Flacco,
552 894 596 928 ut
616 889 761 939 legibus
781 890 1008 935 solveretur,
1031 893 1187 927 senatus
1209 888 1397 936 decrevit,
1418 894 1481 933 ut,
1503 889 1535 927 si
1556 888 1662 927 aedi-

256 945 318 990 lis,
342 945 408 995 qui
428 957 499 996 pro
521 958 561 983 se
582 945 739 990 iuraret,
761 945 947 983 arbitratu
967 944 1173 983 consulum
1194 944 1320 991 daret,
1343 945 1540 990 consules,
1564 944 1596 983 si
1617 945 1662 983 iis

256 1001 462 1045 videretur,
486 1013 575 1039 cum
591 1000 757 1039 tribunis
777 1000 899 1051 plebis
916 1005 1084 1051 agerent,
1106 1000 1164 1038 uti
1181 1000 1227 1038 ad
1243 1000 1396 1051 plebem
1412 1001 1571 1039 ferrent.
1594 1000 1662 1039 da-

257 1061 332 1103 tus,
356 1057 422 1108 qui
442 1057 587 1096 iuraret
607 1069 677 1107 pro
698 1057 829 1102 fratre,
851 1056 893 1094 L.
916 1056 1087 1095 Valerius
1107 1056 1283 1102 Flaccus,
1305 1061 1463 1107 praetor
1483 1056 1661 1107 designa-

255 1118 333 1152 tus.
372 1113 517 1152 tribuni
539 1113 584 1151 ad
604 1112 756 1163 plebem
776 1113 962 1159 tulerunt,
983 1113 1193 1164 plebesque
1213 1111 1335 1159 scivit,
1355 1118 1399 1151 ut
1418 1112 1578 1164 perinde
1597 1125 1660 1151 es-

259 1228 312 1266 (zu
328 1226 465 1258 Plautus
483 1226 645 1264 Stichus):
668 1226 794 1258 Graeca
811 1224 922 1269 (μλά-

257 1270 388 1316 δελφοι
404 1270 593 1302 Menandm
606 1273 683 1302 acta
694 1271 783 1302 ludis
796 1271 924 1314 plebeis

995 1229 1188 1269 cooptatus,
1212 1237 1236 1258 s.
1256 1226 1316 1266 26,
1335 1226 1393 1265 23,
1413 1227 1450 1265 73
1475 1227 1535 1267 27,
1553 1225 1589 1268 6,
1610 1225 1661 1267 16,

997 1272 1062 1311 vgl.
1082 1272 1136 1311 40,
1154 1271 1209 1311 42,
1228 1271 1279 1302 11.

261 1316 320 1349 Cn.
350 1316 472 1347 Baebio
502 1315 540 1347 L.
575 1315 730 1348 Terentio
759 1316 922 1348 aedilibus

254 1361 301 1404 pl.
319 1380 341 1384 —
360 1361 397 1401 Q.
416 1360 563 1403 Sulpicio
585 1360 617 1392 C.
635 1360 777 1393 Aurelio
796 1371 861 1393 cos.
878 1379 922 1384 —-

258 1409 312 1438 ter
328 1407 402 1443 toti,
420 1416 445 1437 s.
466 1406 518 1443 23,
538 1406 590 1445 30,
610 1406 661 1437 16.

303 1452 335 1482 4.
361 1451 525 1492 funebres
540 1469 562 1473 -
575 1450 685 1493 glad„
708 1450 772 1481 wie
791 1450 849 1489 23,
868 1449 921 1490 30,

261 1495 319 1534 153
344 1495 402 1534 39,
426 1496 486 1534 46,
506 1496 535 1527 2.
561 1513 604 1518 —-
626 1496 747 1527 mortis
769 1506 795 1526 c.
820 1495 922 1526 bildet

259 1540 324 1571 ein
335 1550 379 1571 en
397 1540 528 1581 Begriff,
545 1551 610 1571 von
627 1541 698 1572 dem
716 1540 852 1572 Valerii
866 1539 923 1571 ab·

257 1585 374 1627 hiingt,
392 1595 418 1617 s.
437 1595 463 1616 c.
482 1586 541 1624 44,
559 1586 597 1622 43
616 1585 647 1625 9,
665 1586 724 1623 42,
745 1586 777 1616 1;
795 1585 922 1616 alienae

258 1631 363 1662 sortis
378 1631 485 1662 victor
501 1629 591 1669 belh,
611 1630 677 1661 Cic.
695 1629 794 1661 Tuse.
813 1630 850 1669 4,
872 1630 922 1668 17,

257 1675 319 1706 40:
364 1675 493 1716 fratris
532 1674 669 1717 repulsa
713 1674 921 1713 eonsulatusg

257 1719 346 1751 Vell.
364 1718 436 1750 Pat.
455 1720 491 1761 2,
510 1719 547 1750 5:
572 1719 673 1751 Pauli
694 1719 847 1761 eaz‘emplo
871 1718 922 1750 di-

258 1764 430 1807 sciplinae.
448 1782 491 1787 —
511 1763 685 1805 Laevinus,
703 1775 729 1795 s.
745 1776 772 1796 c.
788 1766 818 1803 5,
834 1766 865 1796 5.
879 1782 921 1787 —

258 1810 298 1841 P.
317 1812 349 1840 et
366 1808 428 1848 M,
453 1809 513 1840 der
530 1814 660 1841 erstere
685 1809 812 1841 scheint
829 1813 922 1841 sonst

258 1854 348 1885 nicht
369 1854 641 1895 Vorzukommen,
669 1855 753 1885 denn
777 1855 923 1885 schwer-

258 1898 327 1929 lich
350 1898 395 1929 ist
422 1908 457 1929 es
482 1899 542 1929 der
565 1899 624 1938 41,
649 1898 683 1936 8,
709 1899 722 1929 1
758 1904 921 1939 genannte

256 1942 396 1981 Prfit0r3
414 1942 547 1974 Marcus
565 1943 609 1974 ist
627 1943 680 1983 39,
695 1943 748 1982 56,
763 1945 800 1981 53
818 1944 872 1982 40,
893 1944 921 1982 1,

258 1988 277 2019 2
295 1987 434 2025 Ρπέίῒονς
459 1987 512 2018 ein
535 1987 657 2019 dritter
674 1987 777 2025 Sobn,
801 1987 836 2019 C.
855 1987 923 2019 Va-

256 2032 372 2071 lerius,
392 2032 450 2071 38,
468 2032 498 2071 9,
517 2032 552 2066 8:
570 2033 624 2072 40,
642 2033 696 2071 44,
715 2033 744 2068 7,
763 2033 822 2064 der
840 2033 922 2064 nach

254 2078 319 2109 den
342 2077 433 2108 Fast.
458 2076 562 2118 Capit.
586 2087 614 2108 a.
634 2077 697 2108 578
715 2076 758 2108 M.
784 2076 804 2108 f.
831 2077 864 2108 P.
891 2089 921 2109 n.

256 2122 376 2164 heisst,
393 2122 461 2162 vgl.
478 2121 593 2164 Polyb
612 2122 670 2163 22,
691 2122 745 2163 12,
767 2122 821 2153 10:
847 2119 924 2158 υἱὸς

257 2147 923 2254 {2353022⁰.¹²5.”532555;5”0325⁶15<¹151

259 2257 318 2296 17,
337 2256 356 2288 6
377 2256 483 2288 heisst
499 2256 649 2288 derselbe
673 2256 706 2287 in
724 2257 783 2287 dei
798 2256 856 2287 Hs.
874 2256 921 2289 Μ.

260 2302 289 2333 Ι
286 2301 457 2341 aler-ius),
487 2301 515 2332 is
518 2306 531 2333 t
560 2301 652 2332 viell.
683 2301 771 2332 nicht
796 2312 860 2332 von
884 2301 922 2332 L.

258 2347 381 2386 selbst,
405 2346 547 2377 sondern
571 2356 634 2377 von
658 2346 717 2377 den
743 2346 922 2377 Abschrei—

258 2391 356 2431 bern,
380 2391 463 2422 denn
481 2391 532 2422 die
551 2390 625 2422 Hss.
641 2391 745 2422 haben
763 2401 803 2422 an
821 2402 852 2422 u.
872 2391 921 2422 St.

259 2436 297 2467 P.
315 2439 347 2467 et
365 2435 411 2467 M.
431 2439 462 2467 et
477 2436 569 2478 filc‘z‘S,
586 2436 813 2477 iibergangen,
839 2436 921 2467 auch

258 2481 296 2511 P.
322 2481 407 2512 kann
431 2481 617 2512 verdorben
634 2481 717 2512 sein.
734 2498 779 2504 —
796 2482 922 2523 suffec—

257 2528 329 2565 tus,
362 2526 426 2557 wie
456 2524 502 2557 oft
535 2530 618 2558 statt
646 2526 704 2558 des
734 2535 919 2566 genaueren

1042 1317 1128 1348 (5*9.
1154 1317 1320 1359 occipere,
1345 1315 1404 1355 23,
1429 1314 1488 1355 31,
1509 1315 1568 1356 13,
1592 1315 1660 1356 vgl.

998 1361 1032 1399 1,
1052 1362 1088 1399 7,
1108 1361 1138 1392 6.
1163 1379 1208 1384 -—
1232 1360 1416 1403 Cethegus,
1440 1371 1467 1391 e.
1486 1359 1546 1401 49,
1565 1360 1596 1392 7.
1618 1377 1664 1383 —

993 1405 1117 1446 Diales,
1147 1416 1173 1437 s.
1201 1404 1288 1437 Gell.
1315 1406 1372 1444 10,
1399 1405 1455 1445 15,
1479 1406 1516 1437 4:
1545 1406 1663 1437 iurare

994 1450 1122 1482 Dialem
1141 1451 1201 1492 fas
1217 1461 1400 1491 numquam
1415 1452 1486 1489 est,
1504 1459 1531 1481 s.
1549 1449 1662 1490 Lange

998 1496 1031 1535 1,
1057 1496 1133 1527 270.
1158 1513 1192 1517 —
1225 1497 1341 1527 iurare
1364 1496 1397 1526 in
1421 1495 1504 1536 lega:
1530 1506 1559 1526 n.
1584 1495 1662 1526 dass

994 1550 1032 1572 er
1055 1541 1112 1571 das
1131 1539 1207 1571 Amt
1231 1540 1313 1571 nach
1330 1540 1508 1571 denselben
1532 1538 1662 1580 ffihren,

995 1586 1047 1616 die
1072 1585 1138 1616 ihm
1162 1586 1246 1616 nach
1267 1585 1328 1616 den
1354 1583 1520 1616 Gesetzen
1549 1589 1661 1616 zuste-

994 1630 1098 1661 hende
1116 1629 1312 1672 Competenz
1337 1629 1426 1660 nicht
1450 1629 1660 1660 iiberschrei-

994 1680 1051 1706 ten
1070 1675 1189 1713 wolle3
1208 1675 1268 1705 der
1286 1674 1338 1714 29,
1358 1674 1412 1714 37,
1432 1674 1472 1705 12
1489 1673 1662 1705 erw'zihnte

994 1719 1056 1751 Eid
1071 1719 1249 1761 entsprach
1260 1718 1331 1750 dem
1344 1719 1417 1750 hier
1430 1716 1661 1760 angefiihrten,

995 1776 1022 1796 s.
1040 1764 1152 1805 Lange
1173 1765 1200 1804 1,
1220 1763 1296 1796 521.
1313 1782 1358 1786 —
1372 1774 1435 1806 pro
1453 1774 1489 1795 se
1506 1765 1589 1803 iun,
1607 1763 1660 1794 ein

995 1808 1292 1841 Auskunftsmittel
1303 1833 1311 1849 ,
1329 1809 1473 1840 welches
1491 1808 1658 1848 andeutet‚

995 1855 1071 1886 dass
1103 1854 1155 1884 die
1188 1854 1276 1885 alten
1309 1853 1490 1894 religiiisen
1520 1852 1663 1884 Bestim·
1713 1881 1715 1885 .

994 1908 1133 1939 mungen
1150 1899 1251 1930 sehon
1269 1897 1336 1929 viel
1350 1908 1414 1929 von
1430 1898 1521 1930 ihrer
1534 1897 1662 1938 Heilig-
1707 1906 1715 1939 ’ς

995 1944 1064 1975 keit
1083 1943 1239 1974 verloren
1255 1943 1381 1982 hatten,
1399 1953 1426 1974 s.
1441 1941 1546 1985 Max-q.
1560 1943 1592 1982 4,
1607 1942 1660 1974 72.
1714 1950 1715 1959 ¹

994 2006 1039 2012 —
1063 1989 1250 2027 arbitratu,
1274 1998 1299 2019 s.
1318 1987 1355 2019 Z.
1380 1987 1401 2029 ξ
1419 1988 1479 2025 9ος
1503 1988 1555 2020 die
1574 1986 1661 2018 Con·-

995 2033 1068 2064 suln
1096 2033 1202 2064 sollen
1227 2033 1309 2064 nach
1331 2032 1437 2063 ihrem
1460 2031 1659 2065 Gutdiinken

994 2078 1223 2118 entscheiden‚
1254 2078 1294 2109 ob
1324 2077 1382 2108 der
1405 2077 1661 2109 Stellvertreter

995 2122 1195 2154 annehmbar
1212 2123 1271 2154 sei.
1291 2141 1333 2146 -
1350 2122 1396 2154 ad
1412 2122 1500 2165 pleb.
1517 2122 1564 2164 sl,
1588 2131 1658 2153 was

996 2168 1042 2199 sie
1062 2168 1263 2208 beantragen
1281 2167 1398 2209 sollen,
1416 2167 1494 2208 geht
1510 2177 1569 2198 aus
1586 2167 1658 2198 dem

994 2212 1312 2253 Zusammenhange,
1336 2211 1357 2254 ᾗ
1375 2212 1412 2252 9,
1430 2213 1564 2244 hervor.
1597 2211 1658 2243 Die

994 2257 1091 2289 Plebs
1110 2257 1279 2289 entbindet
1302 2258 1385 2289 auch
1402 2262 1496 2289 sonst
1513 2267 1579 2288 von
1595 2256 1657 2287 den

995 2302 1175 2342 Gesetzen,
1195 2313 1221 2334 s.
1245 2302 1302 2341 10,
1324 2302 1379 2341 13,
1398 2302 1429 2334 9.
1445 2320 1490 2325 —-
1506 2301 1607 2333 datus
1625 2311 1657 2332 n.

994 2348 1035 2378 ab
1057 2347 1162 2379 aedile
1186 2347 1254 2389 §8
1279 2365 1323 2370 ——
1335 2346 1484 2390 pennde
1508 2358 1569 2386 es,
1592 2345 1658 2377 wie

990 2395 1095 2435 prout
1112 2395 1178 2432 est,
1198 2391 1256 2432 38,
1275 2392 1333 2427 50
1352 2394 1389 2430 5,
1407 2391 1508 2424 aliter
1523 2370 1586 2430 es’t,
1605 2390 1657 2432 28,

997 2438 1053 2475 18,
1076 2438 1138 2469 lu.
1158 2447 1185 2468 a.
1199 2437 1292 2476 ,ng
1311 2428 1369 2476 23,
1387 2437 1446 2475 44,
1467 2437 1502 2475 1;
1521 2436 1602 2467 eben
1619 2445 1656 2467 so

989 2462 1132 2525 pro'mde
1146 2493 1231 2522 esse,
1251 2460 1369 2517 ι’·ἰιιΙθιε
1387 2492 1413 2513 s.
1429 2481 1496 2513 Cic.
1510 2480 1611 2532 Legg.
1625 2480 1657 2519 2,

995 2528 1046 2568 19,
1065 2528 1125 2559 49:
1145 2526 1255 2568 Quint.
1272 2527 1301 2569 7,
1318 2527 1345 2569 1,
1361 2518 1420 2565 60;
1440 2526 1548 2558 auch
1539 2536 1571 2557 in
1590 2523 1659 2556 Ge-
