1715 2723
240 151 322 194 352

236 256 400 294 Romam
430 250 661 296 revertisset,
689 250 840 300 placere
865 249 912 287 ad
942 248 1148 299 collegium
1177 248 1407 298 pontificum
1436 247 1586 295 referri,
1616 252 1655 287 et
1702 263 1709 286 >

195 318 215 350 6
237 310 340 361 quod
367 309 391 347 ii
412 306 664 352 censuissent,
696 305 791 344 fieri.
823 317 951 355 neque
980 305 1038 343 his
1070 310 1274 343 contentus
1305 303 1443 343 consul
1468 304 1552 351 fuit,
1582 303 1651 343 sed
1700 307 1708 323 ’-

660 146 785 180 LIBER
800 146 995 180 XXXVIII,
1013 145 1106 178 CAP.
1123 148 1178 181 44.
1193 148 1247 180 45.

1512 152 1538 171 a.
1555 151 1583 171 u.
1600 143 1662 171 567.
1698 146 1701 171 Γ

234 370 366 417 postea
386 376 454 414 per
473 362 771 412 infrequentiam
799 361 935 400 adiecit
963 366 1119 400 senatus
1151 361 1386 408 consultum,
1409 360 1656 400 Ambraciam
1702 363 1715 411 ἶ

237 433 315 460 1166
348 419 468 458 videri
498 419 533 456 vi
560 425 708 469 captam
735 430 830 456 esse.

349 475 582 526 Supplicatio
614 474 704 512 inde
731 487 778 512 ex
809 473 1121 512 decemvirorum
1152 473 1306 512 decreto
1338 485 1410 523 pro
1441 473 1659 512 valetudine

234 532 367 584 populi
388 544 457 582 per
479 531 652 569 triduum
677 531 758 577 fuit,
780 530 870 580 quia
892 531 1016 581 gravis
1032 530 1245 580 pestilentia
1262 529 1402 568 urbem
1417 536 1530 580 atque
1544 542 1659 580 agros

195 592 214 624 8
236 588 413 627 vastabat.
457 588 612 626 Latinae
632 587 723 625 inde
744 588 916 625 fuerunt.
958 586 1098 636 quibus
1121 585 1372 637 religionibus
1391 586 1539 624 liberati
1560 597 1659 624 con-

234 645 335 684 511165
367 650 403 682 et
430 644 568 682 dilectu
598 644 769 693 perfecto
792 666 847 670 -—
869 643 982 681 novis
1004 643 1107 681 enim
1130 648 1294 693 uterque
1326 642 1459 681 maluit
1480 642 1533 680 uti
1556 642 1659 680 mili-
1706 650 1715 696 ,j

232 701 333 740 tibus
354 701 469 738 -111
500 700 739 751 provinciam
770 700 933 750 profecti
964 706 1067 746 sunt,
1107 705 1336 749 veteresque
1375 710 1511 737 omnes
1543 698 1659 737 dimi-
1705 698 1715 728 ’Ἴ

233 763 378 797 serunt.

344 813 438 851 Post
457 812 662 851 consulum
683 812 967 862 profectionem
988 812 1056 850 Cn.
1072 812 1235 851 Manlius
1256 812 1469 862 proconsul
1489 812 1655 851 Romam

233 870 357 916 venit,
381 870 441 907 cui
464 881 555 907 cum
575 868 620 906 ab
646 870 726 907 Ser.
750 868 920 918 Sulpicio
942 874 1118 918 praetore
1134 873 1290 906 senatus
1313 867 1359 906 ad
1376 868 1511 906 aedem
1523 869 1650 907 Bello—

1708 562 1715 627 ,,;.,
1711 537 1715 557 ,s
1712 513 1715 519 .
1710 486 1715 504 2„
1708 453 1715 476 ,ι
1709 415 1715 445 ...-

174 933 214 966 10
235 939 305 965 nae
327 926 436 964 datus
458 931 568 969 esset,
593 930 629 963 et
654 925 736 974 ipse
761 925 1073 962 connnemoratis
1094 924 1211 962 rebus
1239 924 1284 962 ab
1317 936 1357 962 se
1378 925 1492 974 gestis
1514 929 1652 974 postu·
1712 936 1715 941 ·

231 984 355 1028 lasset,
372 987 413 1020 ut
429 982 477 1020 ob
495 994 556 1019 eas
574 981 643 1019 ‹liis
657 981 940 1019 immortalibus
957 981 1083 1018 honos
1115 980 1322 1018 haberetur
1344 980 1493 1031 sibique
1515 981 1654 1019 trium-
1710 994 1712 1013 τ

175 1047 212 1079 11
233 1039 366 1090 phanti
389 1038 527 1076 urbem
550 1037 677 1075 invehi
701 1038 842 1083 liceret,
863 1037 1182 1075 contradixerunt
1199 1049 1288 1087 pars
1311 1037 1434 1075 maior
1449 1037 1583 1075 decem
1599 1037 1657 1075 le-

234 1101 423 1146 gatorum,
446 1094 510 1144 qui
532 1106 621 1131 cum
643 1106 687 1132 eo
712 1096 866 1131 fuerant
885 1099 922 1131 et
941 1100 1027 1132 ante
1050 1093 1142 1131 alios
1164 1093 1206 1131 L.
1227 1093 1370 1131 Furius
1392 1093 1589 1144 Purpurio
1621 1099 1659 1132 et
1711 1103 1715 1114 ³

156 1158 214 1197 45
234 1152 276 1190 L.
301 1151 485 1190 Aemilius
512 1150 666 1188 Paulus.
717 1150 878 1201 Legatos
905 1163 988 1188 sese
1018 1150 1086 1188 Cn.
1118 1150 1258 1188 Manlio
1295 1149 1403 1188 datos
1434 1150 1538 1200 pacis
1569 1162 1659 1188 cum
1706 1142 1715 1186 J}

236 1208 426 1247 Antiocho
446 1207 639 1245 faciendae
655 1219 767 1245 causa
784 1207 1030 1256 foederisque
1044 1207 1186 1256 legum,
1203 1218 1301 1256 quae
1316 1218 1406 1244 cum
1420 1206 1461 1245 L.
1478 1206 1660 1257 Scipione
1713 1211 1715 1223 ³

237 1393 290 1419 est.
316 1404 359 1409 ——
382 1389 426 1418 ad
453 1388 518 1418 coll.
538 1386 659 1425 pontif.
684 1385 748 1417 wie
774 1387 827 1421 29,
855 1387 909 1425 20,

242 1434 281 1465 10
306 1444 336 1463 11.
361 1436 464 1471 sonst,
492 1430 595 1472 Marq.
635 1435 665 1467 4,
707 1435 774 1462 not.
811 1433 909 1463 2252.

239 1496 278 1499 —
305 1489 412 1518 neque,
432 1488 458 1507 (·.
488 1478 542 1515 23,
572 1479 600 1509 5.
629 1495 670 1498 e*
690 1488 751 1516 per
778 1477 909 1517 infraq„

239 1522 291 1554 bei
306 1522 532 1563 Gelegcnhcit,
552 1522 600 1553 als
622 1523 742 1562 gerade
760 1533 789 1552 11.
808 1533 832 1553 s.
856 1532 908 1561 w.,

238 1568 302 1609 vgl.
331 1570 361 1605 2,
389 1569 442 1603 23,
469 1568 527 1607 123
554 1569 607 1606 39,
627 1570 657 1603 4,
678 1569 716 1607 83
736 1568 859 1598 Becker
878 1568 909 1605 2,

237 1616 267 1652 2,
296 1615 370 1646 441.
402 1632 441 1635 —-
461 1615 572 1651 videri,
605 1623 678 1643 vom
705 1612 826 1643 Senate
856 1614 909 1651 30,

240 1661 290 1699 17,
322 1660 379 1698 123
405 1658 448 1690 11).
474 1660 528 1692 42.
558 1660 597 1698 9’,
625 1658 696 1689 (16111
722 1658 828 1689 Volkc
855 1660 908 1696 25,

238 1707 269 1740 4,
308 1706 345 1743 93
383 1714 445 1734 von
478 1704 550 1735 (1616
587 1702 909 1743 Priestercollcgium

237 1751 290 1788 34,
326 1751 380 1787 44,
415 1751 453 1785 32
486 1750 547 1780 (1611
580 1749 717 1789 Augurn
759 1750 811 1785 23,
854 1750 908 1787 31,

240 1797 290 1834 13,
330 1794 377 1826 oft
418 1805 482 1825 von
528 1795 588 1825 (166
630 1794 795 1831 Richtern,
843 1794 909 1825 Cic.

236 1841 315 1871 Acd.
350 1842 381 1873 2.
415 1842 469 1880 47,
509 1842 589 1873 146;
626 1851 684 1870 zur
711 1839 816 1871 Sache
842 1840 908 1880 vgl.

237 1885 321 1917 Gell,
356 1888 386 1923 5,
422 1888 452 1925 6,
492 1887 550 1918 21ε
587 1887 633 1917 M.
662 1888 744 1926 Cato,
771 1896 797 1916 5.
823 1895 850 1916 c.
877 1887 908 1923 3,

238 1934 275 1973 93
300 1930 391 1964 Fest.
417 1942 445 1973 p.
479 1933 540 1964 182
577 1938 736 1966 oratores,
772 1930 858 1964 Geli.
887 1931 908 1962 l.

236 1977 274 2007 l.:
300 1978 403 2008 obiicit
425 1978 472 2008 M.
502 1979 615 2007 Fulvio
640 1979 809 2013 Nobiliori,
827 1978 912 2016 quod

235 2024 347 2053 milites
371 2040 413 2043 ——
437 2025 561 2053 coronis
591 2025 741 2054 donasset.
780 2024 816 2052 de
842 2033 905 2062 qam

236 2079 270 2099 νε
300 2069 392 2099 verba
425 2070 493 2106 ipsa
517 2070 653 2106 apposui
677 2070 823 2099 Catonis:
846 2071 909 2099 iam

231 2115 393 2152 principio
434 2116 505 2153 quis
539 2116 617 2145 vidit
648 2124 762 2145 corona
796 2115 913 2144 doomrz‘

236 2169 433 2198 quemquam,
480 2170 548 2189 cum
594 2161 743 2198 oppidum
783 2165 909 2197 captam

236 2215 300 2235 ozon
319 2210 411 2243 essct,
432 2214 582 2244 ungenau
600 2204 665 2235 Cic.
685 2204 765 2235 Mur.
791 2206 840 2242 14,
857 2206 910 2236 32.

283 2250 383 2282 7—8.
407 2252 551 2288 supplic„
576 2249 647 2281 eine
664 2252 840 2289 obsecratio,
859 2249 909 2280 (116

239 2294 296 2325 (161·
326 2293 427 2325 Senat
452 2295 535 2326 nach
557 2295 628 2326 dem
653 2295 826 2326 Beschluss
855 2295 912 2326 der

238 2339 432 2381 Decemvirn
466 2340 636 2371 auordnet.
670 2359 712 2363 —
744 2352 781 2371 ex
816 2342 909 2379 decr„

238 2395 262 2415 c.
292 2387 352 2423 36,
380 2388 409 2417 4.
458 2388 588 2425 Latin„
616 2387 677 2424 25,
710 2387 768 2425 12,
808 2387 834 2418 1.
867 2403 912 2407 -

238 2432 364 2462 liberati
407 2441 471 2462 von
521 2431 579 2462 der
615 2431 804 2471 Besorgung
854 2431 911 2462 der

239 2474 404 2516 Siihuung,
430 2476 546 2507 auders
573 2478 626 2515 27,
655 2478 707 2515 37,
735 2478 772 2519 53
799 2477 851 2515 36,
882 2478 910 2515 1,

239 2522 268 2552 4.
286 2538 330 2542 —
348 2524 470 2561 maluit,
495 2525 588 2552 sonst
612 2521 779 2553 bestimmt
804 2521 909 2552 dieses

241 2565 298 2596 der
324 2565 433 2597 Scuat.
460 2585 502 2589 -
529 2578 642 2607 omnes,
675 2566 734 2598 auf
765 2566 822 2598 das
840 2566 909 2597 No-

980 1395 1052 1416 men
1092 1385 1124 1416 in
1162 1385 1219 1416 (161-
1257 1384 1461 1416 Parciithese
1499 1384 1657 1426 bezogen,
1712 1396 1715 1401 ·

980 1431 1048 1471 vgl.
1077 1432 1132 1471 31,
1156 1432 1211 1468 46,
1232 1433 1260 1463 7.

1026 1473 1095 1513 44,
1117 1473 1254 1514 9—50,
1276 1478 1304 1506 3.
1337 1475 1404 1507 Der
1427 1474 1584 1517 Triunlph
1602 1475 1657 1507 des

980 1521 1132 1553 Manlius.
1167 1520 1305 1563 Appiau.
1332 1520 1407 1563 Syr.
1436 1522 1488 1553 43.

1026 1569 1245 1606 9—11.posc
1274 1567 1376 1606 prof„
1412 1565 1455 1596 im
1489 1565 1659 1605 Friihjahr

981 1614 1057 1651 567,
1101 1624 1127 1644 5.
1169 1622 1194 1643 c.
1236 1614 1290 1649 41,
1338 1614 1388 1644 15.
1422 1629 1465 1633 —
1497 1613 1534 1642 ab
1568 1613 1656 1649 Sulp.

976 1665 1087 1697 praet„
1127 1658 1167 1689 (16
1207 1657 1264 1688 (161·
1299 1656 1420 1687 Prator
1456 1657 1518 1688 (1611
1551 1655 1654 1688 Senat

979 1714 1019 1733 zu
1044 1702 1182 1734 berufen
1208 1703 1266 1734 (165
1292 1702 1398 1734 1166111
1422 1703 1491 1740 hat,
1517 1712 1553 1733 so
1570 1703 1656 1733 kann
1712 1719 1713 1722 =

979 1758 1016 1779 61·
1050 1748 1166 1789 ciuem,
1205 1749 1263 1780 der
1306 1747 1411 1779 dieses
1452 1747 1544 1778 nicht
1587 1749 1655 1787 hat,

980 1792 1039 1825 auf
1071 1794 1185 1826 (165566
1218 1793 1417 1834 Vei-langen,
1451 1794 1513 1824 (1611
1556 1792 1659 1825 Senat

979 1839 1093 1879 geben,
1124 1851 1148 1871 5.
1187 1841 1240 1878 26,
1274 1841 1327 1879 21,
1364 1841 1400 1881 1;
1435 1841 1489 1875 41,
1523 1840 1553 1879 6,
1580 1840 1601 1871 4
1625 1850 1658 1870 u.
1711 1862 1713 1864 v

979 1895 1016 1927 ²¹3
1038 1885 1214 1916 Mommsen
1252 1894 1282 1918 a.
1314 1895 1342 1915 a.
1378 1883 1414 1915 O.
1456 1886 1530 1921 155,
1557 1886 1588 1917 2.
1614 1902 1658 1906 —-

978 1934 1053 1969 ipse,
1090 1930 1133 1961 im
1171 1929 1376 1971 Gegensatze
1415 1940 1487 1961 zum
1523 1929 1654 1970 Pr'zitor,

979 1977 1137 2007 nachdem
1161 1975 1227 2007 ihm
1253 1975 1361 2007 dieser
1385 1975 1442 2006 das
1472 1974 1572 2006 Wort
1596 1985 1656 2016 ge-

978 2022 1082 2061 geben
1118 2023 1187 2053 hat.
1235 2023 1344 2061 Itonos,
1382 2022 1435 2060 37,
1473 2023 1526 2060 59,
1560 2022 1586 2054 1.
1611 2039 1656 2043 ——

973 2079 1053 2106 pars
1085 2079 1136 2103 m„
1167 2067 1217 2098 die
1255 2066 1436 2103 Mehrzahl,
1470 2077 1494 2099 s.
1532 2067 1563 2107 9,
1602 2067 1657 2106 46,

980 2116 1018 2149 7;
1047 2112 1098 2144 (116
1125 2112 1269 2153 Legaten
1295 2112 1367 2143 siud
1403 2110 1571 2143 natiirlich
1604 2111 1655 2143 die
1710 2120 1715 2153 ’-

980 2158 1163 2189 Comissare
1188 2158 1246 2189 ‹ler
1268 2157 1465 2198 Regieruug,
1492 2157 1584 2188 nicht
1604 2156 1656 2189 (116
1700 2169 1708 2190 s

979 2203 1219 2235 militarischcn
1270 2203 1333 2234 wie
1380 2204 1433 2243 31,
1485 2204 1538 2243 49,
1595 2205 1654 2242 103

979 2249 1134 2289 iibrigens
1168 2259 1280 2280 waren
1315 2259 1375 2280 nur
1414 2249 1497 2279 noch
1538 2250 1557 2281 9
1592 2247 1657 2279 Le-
1704 2247 1706 2249 ’

981 2299 1077 2335 gateu
1104 2294 1210 2335 iibrig,
1236 2305 1262 2325 s.
1288 2304 1315 2325 c.
1336 2295 1390 2335 41,
1412 2295 1441 2326 3.
1459 2312 1503 2316 —
1523 2296 1654 2334 Furius,
1707 2304 1709 2306 ·

980 2350 1008 2372 6.
1036 2342 1088 2378 54,
1116 2341 1146 2372 6.

1026 2382 1096 2421 45.
1144 2387 1238 2418 1—4.
1271 2386 1399 2426 foeder.
1443 2387 1554 2426 lequm,
1603 2383 1656 2415 die

979 2431 1211 2471 Bedinguugen
1238 2429 1292 2462 fiir
1316 2431 1374 2462 das
1407 2429 1457 2461 als
1481 2428 1573 2461 Basis
1599 2429 1655 2460 des

979 2475 1136 2507 Friedcns
1171 2476 1328 2508 dienende
1371 2474 1541 2516 Biinduiss,
1589 2474 1656 2515 vgl.

981 2523 1032 2561 31,
1061 2523 1110 2562 11,
1141 2523 1199 2554 17:
1220 2524 1310 2560 pacis
1334 2523 1429 2562 leym,
1459 2522 1511 2559 24,
1539 2521 1593 2561 29,
1615 2521 1656 2552 9:

978 2570 1071 2608 Zeyem
1103 2578 1170 2599 eam
1196 2568 1351 2608 foederis,
1387 2565 1454 2607 vgl.
1490 2565 1533 2597 ib.
1565 2567 1596 2605 6,
1625 2567 1674 2598 7.,
