1715 2723
112 104 136 119 ε..
151 93 206 120 ch.
223 94 280 119 194.

564 82 689 116 LIBER
705 81 866 117 XXXIV.
894 82 987 116 CAP.
1004 84 1058 116 54.

1432 84 1514 125 349

109 194 168 227 tas
183 187 294 234 solet,
316 186 397 226 aliis
413 185 582 232 tandem,
605 186 709 238 quod
725 185 849 224 multo
866 190 954 225 ante
971 186 1157 233 debuerit,
1174 186 1364 225 tributum
1380 185 1511 225 existi-

110 243 307 283 mantibus
328 242 568 294 amplissimo
597 241 747 287 ordini,
770 241 852 280 aliis
874 242 1077 293 demptum
1097 256 1144 281 ex
1165 242 1345 293 dignitate
1366 241 1512 294 populi,
1541 250 1560 281 5

111 300 298 352 quidquid
326 299 517 338 maiestati
542 303 697 350 patrum
718 297 911 337 adiectum
940 303 1061 345 esset,
1091 298 1453 350 interpretantibus,
1474 303 1514 338 et

111 357 241 396 omnia
269 355 492 396 discrimina
521 355 628 401 talia,
657 354 797 405 quibus
825 355 978 393 ordines
1006 354 1328 401 discernerentur,
1360 360 1397 394 et
1417 367 1513 394 con-

111 413 262 452 cordiae
283 418 320 451 et
339 411 523 451 libertatis
544 423 687 462 aequae
708 410 940 449 minuendae
961 423 1057 449 esse.
1090 411 1137 449 ad
1159 411 1514 462 quingentesimum
1542 420 1561 451 6

110 471 463 520 quinquayesimum
490 473 667 507 octavum
694 478 839 505 annum
868 467 908 505 in
927 467 1150 518 promiscuo
1171 472 1387 518 spectatum
1409 481 1512 515 esse,

110 525 202 577 quid
222 530 379 576 repente
399 525 564 570 factum,
594 536 662 563 cur
688 523 898 562 immisceri
919 524 991 562 sibi
1019 523 1059 561 in
1080 535 1191 562 cavea
1212 527 1340 574 patres
1362 524 1514 574 plebem

109 580 290 621 nollent?
317 593 384 620 cur
398 580 501 619 dives
516 592 727 631 pauperem
744 591 1011 619 consessorem
1028 577 1245 618 fastidiret?
1268 591 1422 627 novam,
1445 593 1511 619 su-
1542 590 1558 620 7

108 638 268 689 perham
289 637 505 682 libidinem,
528 636 573 674 ab
595 636 737 675 nullius
758 642 846 675 ante
867 636 990 687 gentis
1010 641 1149 675 senatu
1169 647 1295 687 neque
1318 636 1507 675 desidera-

106 699 187 733 tam
210 705 334 745 neque
355 693 583 732 institutam.
620 699 819 743 postremo
834 693 960 744 ipsum
979 705 1133 744 quoque
1150 692 1386 738 Africanum,
1410 692 1514 743 quod
1543 700 1562 732 8

108 751 243 789 consul
265 755 401 790 auctor
422 749 503 788 eius
526 749 582 789 rei
600 749 749 796 fuisset,
772 749 1005 801 paenituisse
1025 749 1169 788 ferunt.
1201 749 1295 788 adeo
1312 749 1407 788 nihil
1426 762 1514 788 mo—

108 883 187 916 Tac.
205 884 287 915 Ann.
310 885 335 924 1,
355 885 375 915 4
393 884 441 923 ff.3
466 884 510 915 ib.
527 885 558 915 9.
577 902 620 907 —
648 883 773 926 denzpt.

108 940 176 971 ean,
192 930 259 970 vgl.
278 930 309 969 3,
329 929 381 968 33,
403 930 457 968 103
483 930 512 968 7,
532 929 585 968 41,
603 928 641 967 83
666 929 702 968 S,
721 930 774 968 34,

109 974 139 1005 6.
172 993 216 996 »-
248 975 522 1017 z'nterpretantib.
537 999 545 1015 ,
579 974 681 1015 gabei)
715 974 774 1005 der

109 1019 214 1051 Sache
237 1019 288 1050 die
312 1019 480 1060 Deutung,
505 1029 530 1051 s.
551 1019 588 1059 3,
608 1019 664 1058 20,
684 1020 720 1057 53
743 1019 774 1059 6,

113 1065 162 1103 16,
178 1065 207 1095 7.
221 1064 371 1096 discrim.
391 1069 466 1104 etc„
484 1064 551 1104 vgl.
572 1064 599 1103 1,
617 1064 670 1103 42,
686 1065 715 1095 4.
729 1082 775 1087 —-

107 1119 244 1150 aequae,
262 1120 287 1140 s.
302 1110 334 1148 4,
352 1110 382 1150 5,
406 1110 439 1147 1,
459 1111 496 1147 53
516 1110 569 1148 45,
588 1109 640 1148 32,
656 1110 694 1146 53
714 1120 774 1141 zur

108 1152 297 1186 Construct.
316 1154 353 1194 3,
374 1155 433 1194 24,
454 1154 489 1193 13
514 1154 567 1194 38,
587 1155 645 1193 50,
664 1154 701 1194 83
720 1154 774 1194 39,

111 1199 161 1239 16,
180 1199 216 1237 93
235 1199 288 1238 40,
308 1198 432 1238 29,11.

154 1244 230 1276 6-7.
256 1245 371 1285 quing.
385 1245 494 1285 quinq.
510 1245 583 1283 oct.,
603 1244 685 1274 nach
698 1244 774 1276 Val.

108 1287 212 1320 Max.:
238 1299 304 1331 per
327 1290 528 1331 quingentos
555 1291 589 1319 et
612 1290 775 1331 quinqua-

103 1335 205 1375 ginta
229 1336 302 1365 octo
318 1344 443 1370 annos;
467 1334 521 1365 bei
538 1332 575 1365 L.
594 1333 639 1365 ist
663 1334 694 1365 in
713 1335 775 1365 den

107 1379 182 1410 Hss.
197 1377 224 1410 L
243 1378 448 1419 ausgefallen
465 1379 530 1410 und
547 1379 598 1410 die
611 1378 694 1410 Zahl
708 1380 774 1411 wol

107 1424 190 1455 auch
207 1429 301 1455 sonst
318 1424 520 1464 verdorben,
544 1424 585 1455 da
602 1434 674 1456 man
693 1426 773 1457 nach

107 1469 218 1501 seiher
251 1468 489 1510 Chronologie,
527 1480 554 1500 s.
586 1470 645 1509 31,
678 1470 711 1508 1,
741 1471 772 1508 4,

109 1513 243 1546 DLVII
255 1519 421 1547 erwarten
440 1516 574 1552 miisste,
592 1525 619 1546 s.
638 1514 775 1546 Momm-

108 1569 164 1591 sen
184 1558 338 1590 Chronol.
362 1560 435 1590 121.
453 1578 496 1582 —
518 1560 652 1600 factum
671 1571 701 1591 n.
718 1562 774 1599 sit,

109 1604 174 1645 vgl.
195 1604 231 1643 6,
256 1604 308 1643 26,
327 1604 362 1643 6;
388 1605 446 1644 30,
466 1604 525 1644 35,
543 1604 580 1643 93
604 1605 639 1644 3,
660 1605 716 1644 26,
736 1607 775 1645 53

108 1649 174 1690 vgl.
194 1648 261 1680 Cic.
278 1649 376 1681 Verr.
396 1650 426 1689 4,
446 1649 497 1689 12,
517 1649 574 1680 27:
592 1649 673 1691 quid
685 1652 772 1681 enirn

106 1697 220 1726 actum
236 1696 309 1725 est?
322 1713 364 1716 —
381 1704 491 1734 cavea,
509 1694 550 1725 im
565 1693 773 1735 Gegensatze

106 1750 147 1771 zu
163 1740 222 1770 der
238 1750 349 1778 scena,
367 1740 426 1771 der
439 1738 553 1778 Raum,
571 1750 621 1771 wo
641 1740 693 1771 die
707 1739 774 1771 Zu—

108 1785 247 1816 schauer
265 1785 396 1825 steheu,
417 1795 442 1816 s.
463 1785 515 1824 24,
534 1785 585 1826 39,
605 1786 634 1816 5.
657 1803 700 1808 —
723 1785 773 1817 di-

106 1840 177 1869 ves,
195 1829 249 1861 die
267 1830 463 1869 Senatoren,
484 1840 510 1861 s.
529 1841 557 1861 c.
576 1830 634 1868 31,
655 1831 705 1861 17.
730 1849 774 1853 —-

106 1885 311 1915 consessor.,
329 1875 396 1916 vgl.
417 1874 484 1906 Cic.
504 1874 637 1906 cornel.
655 1875 677 1906 l.
696 1876 736 1907 l.:
754 1886 775 1907 a

106 1930 263 1951 consessu
283 1920 403 1962 populi
422 1922 594 1952 senatoria
616 1920 776 1952 subsellia

107 1966 279 2006 separari,
298 1965 337 1996 de
354 1965 488 2006 harusp.
508 1975 594 2007 resp.
612 1966 634 1996 l.
654 1966 692 1997 l.:
715 1976 775 2008 po-

102 2008 221 2051 pulari
231 2020 405 2048 consessu3
420 2020 454 2041 es
463 2011 596 2041 werden
610 2021 646 2042 so
661 2010 773 2042 Sitze

106 2059 376 2095 vorausgesetzt,
401 2054 492 2086 viell.
516 2065 629 2087 waren
652 2065 686 2087 es
711 2066 774 2087 nur

109 2109 171 2129 von
185 2099 246 2130 den
259 2099 437 2130 Einzelnen
450 2100 688 2141 mitgebrachte
697 2100 774 2132 Ses-

106 2144 171 2183 sel,
194 2144 234 2175 da
252 2155 286 2175 es
306 2145 388 2175 nach
404 2144 443 2176 41
456 2168 464 2184 ,
483 2145 535 2184 27,
554 2146 589 2183 6;
612 2145 773 2178 Periocha

107 2189 149 2221 48
163 2189 287 2221 damals
304 2190 385 2220 noch
396 2190 468 2220 kein
483 2190 656 2222 stehendcs
665 2191 773 2223 Thea-

104 2238 158 2266 ter
170 2234 243 2275 gab,
258 2234 323 2276 vgl.
335 2234 408 2266 val.
424 2234 513 2266 Max.
529 2236 645 2275 2,4,2;
665 2236 771 2279 Marq.

105 2280 135 2317 4,
154 2280 229 2311 526.
245 2299 285 2302 -—
305 2290 379 2322 sup.
395 2280 448 2311 lib.
465 2292 493 2311 n.
509 2291 592 2320 esse,
611 2281 773 2322 Willkiir,

105 2334 136 2355 n.
154 2324 379 2356 willkiirliche
397 2325 611 2367 Fordcrung,
631 2326 683 2358 die
701 2327 773 2359 sich

104 2378 144 2400 an
168 2369 265 2401 keine
282 2369 383 2409 Sitte,
413 2371 488 2402 kein
514 2369 635 2402 Gesetz
658 2372 770 2411 binde3

105 2425 145 2445 zu
167 2414 239 2446 dem
264 2414 557 2457 Gesammtbegriff
574 2417 692 2458 geho'rt
712 2427 772 2449 no-

108 2469 190 2491 vam.

151 2503 182 2536 8.
201 2505 376 2547 African„
392 2504 429 2538 L.
447 2506 576 2539 scheint
591 2506 667 2539 hier
683 2507 772 2539 nicht

847 884 919 914 deni
947 895 973 914 c.
999 883 1058 923 44,
1083 884 1101 913 5
1132 881 1298 923 Gesagten
1328 894 1369 914 zu
1393 883 1515 915 wider-

847 929 1018 970 sprechen,
1039 928 1181 959 sondern
1200 928 1352 960 dasselbe
1370 938 1515 969 genauer

847 974 993 1013 angeben
1007 974 1071 1005 und
1086 983 1186 1014 sagen
1204 984 1245 1004 zu
1258 973 1392 1013 wollen,
1405 973 1513 1016 Scipio

845 1019 928 1050 habe
952 1018 1004 1049 die
1028 1018 1132 1050 Sache
1156 1029 1218 1050 nur
1240 1018 1284 1050 im
1307 1018 1427 1050 Senate
1454 1029 1514 1051 zur

846 1063 990 1106 Sprache
1008 1064 1178 1104 gebracht,
1195 1063 1247 1094 die
1265 1063 1432 1095 Censoren
1452 1065 1515 1095 den

846 1108 1137 1140 Senatsbeschluss
1166 1107 1371 1148 ausgeffihrt.
1420 1108 1515 1140 Noch

846 1154 1053 1185 bestiinmter
1072 1154 1142 1193 legt
1160 1153 1227 1184 Cic.
1246 1153 1297 1184 die
1321 1153 1424 1185 Sache
1442 1154 1513 1186 dein

847 1197 1024 1230 Africanus
1043 1199 1094 1230 bei
1111 1199 1149 1230 de
1166 1199 1300 1240 harusp.
1320 1208 1406 1240 resp.
1430 1199 1452 1229 l.
1471 1200 1512 1231 l.:

846 1245 965 1285 quibus
990 1243 1266 1285 (Megalensibus)
1288 1245 1442 1286 primum
1464 1243 1515 1276 lu-

846 1289 899 1320 dis
921 1291 1001 1320 ante
1020 1288 1139 1332 populi
1165 1299 1359 1320 consessum
1381 1291 1518 1320 senatui

846 1334 954 1366 Iocum
978 1334 1016 1365 P.
1036 1335 1229 1375 Africanus
1253 1336 1377 1365 iterum
1402 1334 1519 1366 consul

846 1379 901 1411 ille
922 1380 1033 1411 maior
1055 1379 1162 1420 dedit,
1186 1379 1253 1420 vgl.
1276 1378 1409 1411 Cornel.
1433 1379 1457 1410 l.
1475 1380 1515 1411 1.:

846 1426 886 1456 P.
896 1425 1090 1466 Africanus
1111 1424 1164 1456 ille
1177 1426 1335 1467 superior
1353 1423 1480 1457 dicitur
1492 1444 1513 1447 —

846 1481 866 1501 α
880 1481 915 1501 se
929 1472 1001 1513 ipso
1015 1480 1114 1513 saepe
1128 1472 1310 1501 accusatus
1323 1481 1408 1509 esse,
1418 1469 1515 1511 quod,

846 1526 923 1546 cum
947 1515 1063 1546 consul
1093 1517 1199 1554 esset,
1223 1534 1243 1537 —
1268 1525 1395 1557 passus
1426 1518 1516 1547 esset

846 1563 921 1591 tum
948 1561 1097 1602 primum
1127 1571 1147 1590 a
1169 1560 1330 1602 populari
1355 1570 1516 1592 consessu

847 1607 1019 1637 senatoria
1042 1604 1201 1636 subsellia
1224 1607 1397 1647 separari,
1431 1605 1515 1637 dazu

846 1649 985 1681 Ascon.:
1013 1660 1079 1681 non
1100 1652 1292 1692 praeterire
1318 1653 1432 1682 autem
1458 1660 1515 1682 vos

846 1695 917 1727 colo
940 1706 1012 1726 esse
1040 1697 1212 1727 oratoriae
1240 1695 1453 1735 calliditatis,
1476 1699 1515 1728 ut

846 1750 923 1771 cum
937 1750 1020 1783 opus
1033 1743 1095 1779 est,
1109 1739 1233 1771 eisdem
1249 1741 1350 1772 rebus
1362 1741 1403 1772 ab
1417 1743 1514 1773 utra-

846 1796 908 1827 que
927 1788 1028 1828 parte
1048 1785 1097 1816 vel
1117 1796 1138 1816 a
1154 1787 1337 1817 contrariis
1359 1788 1513 1818 utantur.

845 1841 925 1861 nam
948 1841 1024 1862 curn
1046 1830 1229 1862 secundum
1256 1830 1425 1863 Ciceronis
1443 1833 1515 1875 opi-

845 1877 979 1907 nionem
1016 1878 1154 1907 auctore
1187 1875 1340 1918 Scipione
1379 1876 1513 1908 consule

845 1920 970 1952 aediles
986 1923 1154 1952 secretum
1171 1940 1192 1943 —
1208 1920 1315 1952 Iocum
1339 1921 1518 1964 spectandi

846 1967 1060 1998 senatoribus
1084 1965 1239 1998 dederint
1261 1986 1283 1988 —
1301 1968 1514 2009 paenituisse

846 2013 895 2042 ait
911 2010 1116 2054 Scipionem,
1133 2011 1222 2053 quod
1234 2022 1358 2054 passus
1375 2014 1463 2044 esset
1480 2011 1516 2044 id

844 2056 941 2099 fie7·i;
962 2058 994 2088 in
1012 2068 1051 2088 ca
1067 2058 1218 2088 oratione
1236 2056 1275 2088 de
1293 2058 1513 2100 haruspicum

846 2112 1007 2144 responso
1039 2121 1060 2125 -
1092 2103 1203 2144 ipsum
1243 2102 1376 2134 dedisse
1411 2102 1512 2140 dicit,

845 2147 919 2179 val.
945 2146 1033 2179 Max.
1059 2152 1159 2179 neunt
1181 2147 1218 2185 2,
1238 2148 1274 2187 4,
1299 2147 1317 2177 3
1336 2146 1512 2179 Africanus

844 2192 1029 2234 posteri0r3
1060 2192 1139 2224 aber
1158 2194 1195 2231 4,
1214 2193 1249 2234 5,
1270 2193 1282 2223 1
1312 2192 1434 2233 richtig
1450 2193 1511 2224 den

844 2237 984 2269 ‘ditet-en.
1004 2256 1048 2260 —
1063 2237 1148 2268 nihil
1162 2240 1260 2276 mot.,
1277 2237 1373 2268 keine
1391 2247 1512 2278 vorge-

845 2293 1012 2314 nommene
1045 2283 1304 2323 Veriinderung,
1338 2282 1421 2314 iiber
1453 2283 1512 2315 das

843 2327 1001 2370 Particip.
1017 2338 1043 2359 s.
1060 2328 1113 2366 27,
1127 2328 1182 2367 45,
1197 2328 1234 2361 4:
1250 2328 1331 2358 iiber
1342 2337 1510 2360 moveres.

845 2373 904 2413 35,
929 2373 988 2413 42,
1006 2374 1025 2403 6
1042 2384 1073 2404 u.
1093 2383 1123 2404 a.
1146 2383 1191 2404 em
1207 2374 1330 2414 antiq..
1353 2383 1418 2404 von
1438 2373 1511 2404 dem

844 2418 934 2449 alten
957 2418 1125 2449 Zustande
1148 2418 1252 2448 durch
1270 2418 1512 2459 Veriinderung

844 2462 1035 2502 entferneu3
1060 2463 1152 2494 heide
1180 2462 1302 2494 Worte
1330 2463 1511 2495 substanti-

844 2508 955 2548 visch3
982 2519 1029 2540 ex
1052 2518 1118 2539 von
1145 2507 1328 2541 sinnlichen
1352 2508 1511 2542 Verhtilt-
