1715 2723
140 80 223 123 312

566 76 691 109 LIBER
715 75 908 109 XXXVIII.
941 75 1032 107 CAP.
1059 77 1112 109 25.

1397 82 1423 100 a.
1442 83 1470 101 u.
1489 75 1552 102 565.

102 191 124 223 2
143 185 229 222 fore
257 183 439 234 potiores.
482 185 635 229 tempus
664 179 703 217 in
733 184 934 229 posterum
962 178 1064 216 diem
1086 177 1333 217 constituitur
1351 179 1555 230 locusque,

144 239 210 290 qui
241 238 390 277 medius
421 236 586 274 maxime
605 235 706 273 inter
727 240 848 273 castra
869 234 1067 273 Gallorum
1090 238 1127 272 et
1146 234 1338 285 Ancyram
1357 241 1414 274 est
1434 235 1554 274 visus.

104 305 124 336 3
144 307 221 346 quo
254 306 341 332 cum
367 292 505 330 consul
529 291 575 329 ad
606 297 760 341 tempus
790 302 880 328 cum
902 290 1093 341 praesidio
1116 290 1418 341 quingentorum
1441 292 1554 342 equi-

143 358 226 390 tum
252 349 418 388 venisset
439 360 511 386 nec
533 348 610 386 ullo
634 347 831 386 Gallorum
852 346 905 385 ibi
925 347 1008 385 viso
1032 359 1232 397 regressus
1254 346 1294 384 in
1309 352 1430 386 castra
1442 354 1554 396 esset,

104 421 125 452 4
146 412 316 445 oratores
338 405 440 443 idern
461 403 638 450 redeunt,
669 407 896 441 excusantes
918 403 1101 453 religione
1125 402 1271 441 obiecta
1291 404 1422 442 venire
1444 416 1556 455 reges

144 474 224 500 non
251 473 386 512 posse;
415 460 609 510 principes
629 460 763 510 gentis,
793 471 862 509 per
888 472 987 510 quos
1010 471 1131 509 aeque
1151 471 1213 497 res
1235 460 1392 510 transigi
1416 466 1561 510 posset,

107 527 126 558 5
144 523 341 557 venturos.
390 517 528 554 consul
558 528 598 554 se
630 528 787 566 quoque
817 515 984 555 Attalum
1016 516 1229 554 missurum
1259 515 1363 554 dixit.

1415 517 1461 555 ad
1482 517 1559 555 hoc

146 574 382 624 colloquium
402 573 598 623 utrimque
617 577 775 611 ventum
798 578 866 611 est.
900 577 1092 611 trecentos
1117 572 1264 623 equites
1277 572 1422 611 Attalus
1443 585 1558 623 prae-

107 641 126 673 6
146 631 231 669 sidii
249 642 363 668 causa
389 641 477 667 cum
503 629 735 675 adduxisset,
766 629 920 667 iactatae
934 634 1026 667 sunt
1047 628 1150 679 pacis
1172 628 1440 675 condiciones3
1470 630 1559 668 finis

145 687 201 725 rei
233 687 322 737 quia
352 685 574 724 absentibus
605 685 768 723 ducibus
798 685 947 736 imponi
976 697 1056 722 non
1084 690 1254 734 poterat,
1284 685 1475 732 convenit,
1504 686 1560 725 uti

108 756 127 787 7
148 743 286 781 consul
315 754 502 793 regesque
533 754 577 780 eo
608 742 694 779 loco
715 747 871 791 postero
895 741 956 779 die
976 741 1319 791 congrederentur.
1361 743 1559 780 frustratio

150 800 347 838 Gallorum
374 811 418 837 eo
450 797 654 849 spectabat,
686 797 859 847 primum
881 803 922 835 ut
949 803 1118 836 tererent
1147 802 1313 848 tempus,
1344 798 1469 836 donec
1498 811 1563 838 res

149 868 250 901 suas,
278 855 420 905 quibus
440 854 643 904 periclitari
662 853 856 900 nolebant,
887 865 975 892 cum
999 853 1230 904 coniugibus
1253 859 1289 892 et
1305 853 1434 892 liberis
1454 860 1565 893 trans

148 912 272 963 Halyn
298 911 444 949 flumen
468 911 680 956 traicerent,
711 910 849 948 deinde
870 910 975 960 quod
998 909 1073 960 ipsi
1097 909 1258 955 consuli,
1288 922 1427 959 parum
1450 917 1562 950 cauto

111 976 130 1009 8
149 969 334 1006 adversus
356 966 536 1017 colloquii
561 966 750 1012 fraudem,
778 966 1071 1004 insidiabantur.
1114 966 1215 1004 mille
1235 965 1280 1003 ad
1304 978 1387 1004 eam
1408 979 1492 1005 rem
1515 979 1562 1005 ex

150 1024 257 1063 omni
279 1036 443 1061 numero
464 1023 642 1061 audaciae
662 1028 840 1073 expertae
863 1023 1090 1073 delegerunt
1105 1022 1274 1072 equites3
1299 1027 1335 1061 et
1351 1024 1565 1062 successis-

149 1179 222 1211 sind
252 1179 311 1211 mit
342 1190 427 1220 reyes
464 1178 529 1209 wol
562 1178 613 1210 die
641 1178 823 1210 Vorsteher

150 1226 207 1257 der
231 1224 474 1265 Abtheilungen
499 1223 617 1255 eines
650 1223 821 1262 Stammes,

151 1271 208 1302 der
228 1269 446 1310 Tectosagen,
464 1269 668 1309 bezeichnet,
694 1280 718 1300 s.
745 1270 763 1308 ἓ
784 1271 822 1307 4;

150 1318 190 1356 63
221 1318 280 1354 11,
305 1326 331 1349 S.
358 1315 476 1347 Strabo
506 1318 555 1355 12,
583 1317 613 1356 5,
641 1317 654 1347 1
685 1325 712 1356 p.
739 1316 821 1347 567:

151 1363 259 1408 τριῶν
278 1361 317 1394 δὲ
336 1356 455 1394 ὄντων
473 1359 592 1393 ἐθνῶν
609 1378 653 1383 -
671 1359 823 1393 ἕκαστον

151 1402 330 1444 διελόντες
370 1407 418 1442 εἰς
460 1406 632 1450 τέτταρας
670 1404 824 1450 μερίδας

150 1455 368 1499 τετραρχίαν
422 1447 572 1493 ἑκάστην
635 1447 820 1490 ἐκάλεσαν,

150 1494 414 1543 τετράρχην
450 1497 607 1539 ἔχουσαν
632 1496 729 1529 ἴδιον
763 1497 823 1528 καὶ

153 1540 326 1584 δικαστὴν
355 1542 418 1576 ἕνα
443 1544 503 1574 καὶ
541 1537 820 1587 στρατοφύλακα

153 1588 216 1622 ’ἕνα
233 1586 307 1621 ὑπὸ
322 1587 371 1631 τῷ
384 1583 560 1633 τετράρχῃ
580 1589 824 1633 τεταγμένους

153 1638 214 1666 etc.
248 1651 292 1655 -—
324 1637 358 1666 in
392 1652 435 1655 -—
470 1640 579 1672 const„
614 1633 693 1664 Sall.
720 1632 741 1664 I.
769 1634 823 1672 (56,

155 1681 191 1712 2:
224 1682 257 1711 in
290 1681 370 1711 daem
401 1681 527 1710 tertium
549 1681 754 1710 constituunt.
780 1695 824 1700 —-

152 1727 228 1756 med.
269 1736 362 1763 max„
396 1723 557 1763 ziemlich,
591 1734 627 1755 so
659 1723 741 1755 weit
775 1723 824 1754 als

152 1770 293 1811 meglieh
330 1770 361 1800 iu
395 1770 452 1801 der
484 1769 592 1809 Mitte,
625 1780 650 1800 s.
681 1771 734 1810 35,
770 1770 823 1807 34,

157 1818 208 1849 10.
234 1833 276 1837 --
301 1827 356 1847 nce
379 1818 460 1855 allo,
486 1825 511 1846 S.
537 1816 591 1854 22,
620 1816 674 1854 22,
707 1817 744 1848 4:
772 1825 827 1846 ozee

154 1864 217 1893 ullo
251 1863 315 1893 viso
344 1863 450 1899 ἠθεῖε,-
483 1862 513 1898 5,
546 1862 609 1900 40,
643 1862 674 1893 4.
702 1878 743 1882 -—
771 1862 826 1891 rel.

155 1909 224 1945 obi„
250 1906 316 1946 vgl.
346 1907 399 1946 37,
430 1907 483 1944 33,
502 1907 539 1938 6:
565 1908 714 1947 reliqz'osi,
737 1904 825 1936 Pol:

156 1948 307 1993 σκήψεις
354 1950 454 1988 τινας
503 1952 685 1992 λέγοντες,
736 1951 825 1982 Vor—

156 1997 286 2036 w'ande,
325 1996 515 2028 Ausssiichte
556 1997 723 2032 machend,
766 2006 826 2027 an-

158 2043 232 2075 ders
257 2042 306 2073 als
332 2041 366 2073 L.
399 2062 424 2064 --
449 2044 590 2081 princip.
616 2054 659 2083 9.,
694 2041 829 2083 Polyb:

157 2086 214 2120 ὅτι.
241 2085 325 2125 τοὺς
346 2083 515 2134 πρώτους
534 2085 671 2132 ἄνδρας
695 2088 830 2130 ἐκπίμ-

155 2139 278 2175 ψουσι,
304 2132 395 2164 viell.
415 2132 605 2173 Mitglieder
629 2133 687 2163 der
706 2128 831 2175 βουλή,

158 2179 277 2210 Strabo
317 2178 339 2210 l.
376 2179 417 2210 l.:
450 2175 469 2219 ἡ
506 2177 545 2210 δὲ
576 2179 648 2210 τῶν
690 2174 831 2210 δώδεκα

160 2223 366 2276 τετραρχῶν
405 2221 516 2264 βουλὴ
561 2219 691 2267 ἄνδρες
737 2220 830 2264 ἦσαν

156 2279 369 2313 τριακοσιοι,
395 2265 599 2311 συνήγοντο
636 2268 675 2302 δὲ
710 2269 759 2305 εἰς
786 2267 828 2300 τὸ

157 2311 387 2358 καλούμενον
411 2316 657 2359 Λρυνέμετον,
699 2314 766 2354 vgl.
793 2313 828 2344 L.

160 2361 212 2399 35,
240 2362 291 2397 22,
317 2363 346 2393 4.
373 2378 414 2381 ——
445 2371 548 2400 aeque,
574 2359 638 2391 wie
667 2359 719 2390 die
744 2370 830 2401 rests

159 2414 184 2435 c.
212 2407 264 2445 26,
298 2408 335 2444 4;
363 2407 417 2445 45,
448 2408 506 2445 103
531 2404 599 2436 Pol.
626 2406 796 2447 βασιλεῖς.

206 2452 304 2483 5-8.
331 2462 362 2482 se
384 2462 495 2491 quoq.,
536 2450 613 2482 weil
654 2451 738 2481 auch
777 2449 829 2481 die

159 2505 244 2536 προς
272 2495 361 2526 nicht
386 2496 511 2527 kameu.
536 2513 581 2517 --
606 2498 746 2538 iactatae,
772 2496 829 2526 be—

892 1178 1061 1219 sprochen,
1081 1178 1287 1218 verhandelt,
1306 1178 1357 1210 die
1371 1177 1442 1210 Hss.
1458 1179 1564 1211 haben

892 1226 1004 1261 iactae,
1048 1222 1134 1255 Vell.
1178 1222 1249 1255 Pat.
1303 1225 1339 1263 2,
1390 1226 1450 1257 65:
1494 1236 1570 1256 con-1

891 1272 1050 1301 diciomcm
1083 1271 1162 1301 iacta
1200 1271 1334 1307 memi03
1374 1269 1456 1301 doch
1492 1274 1567 1311 sagt

892 1314 927 1345 L.
957 1318 1049 1345 soust
1078 1316 1203 1350 iactare,
1230 1325 1255 1346 s.
1282 1316 1335 1355 37,
1362 1316 1415 1353 35,
1444 1317 1483 1357 23
1511 1317 1565 1356 38,

892 1361 946 1400 28,
1001 1361 1039 1399 8,
1088 1360 1236 1391 weshalb
1286 1358 1385 1391 Gron.
1435 1364 1567 1393 iactam&

890 1415 993 1437 verm.
1012 1405 1080 1437 hat.
1107 1423 1150 1427 —
1175 1407 1290 1437 absent.
1317 1408 1384 1438 due.
1411 1407 1468 1437 hat
1496 1405 1568 1438 Pol.

891 1450 993 1490 nicht,
1019 1460 1043 1481 s.
1071 1451 1088 1489 ἓ
1115 1452 1151 1483 6:
1186 1453 1286 1488 τέλος
1314 1448 1351 1483 d'
1378 1451 1569 1485 ἐπιθεῖναι

892 1499 969 1533 τοῖς
994 1496 1403 1550 προειρημένοις-οὐκ
1421 1496 1567 1542 ἔφασαν

893 1541 987 1574 εἶναι
1022 1542 1200 1581 δυνατον,
1246 1541 1282 1573 L.
1319 1541 1447 1573 scheiut
1484 1543 1569 1574 nach

892 1588 963 1618 dem
988 1586 1081 1627 Folg.
1110 1597 1150 1617 an
1176 1587 1227 1618 die
1254 1598 1340 1628 reyes
1364 1587 1423 1618 der
1440 1586 1568 1620 Gallier

891 1632 957 1663 und
983 1632 1044 1663 den
1070 1631 1190 1663 Consul
1216 1632 1356 1673 gedacht
1381 1643 1421 1664 zu
1448 1633 1566 1665 haben.

894 1697 936 1700 —
969 1688 1001 1709 eo
1033 1680 1115 1718 loco,
1160 1688 1225 1709 von
1263 1678 1334 1709 dem
1364 1677 1488 1709 bereits
1517 1678 1570 1710 die

893 1722 981 1754 Rede
1005 1733 1094 1761 war,
1126 1734 1150 1754 s.
1177 1724 1235 1764 36,
1265 1724 1325 1764 36,
1362 1724 1391 1755 3.
1418 1741 1460 1746 -
1485 1726 1572 1765 quib.

886 1771 1034 1810 perfidia,
1058 1768 1118 1799 mit
1142 1769 1245 1800 denen
1269 1768 1315 1800 sie
1334 1768 1425 1800 nicht
1444 1768 1569 1801 Gefahr

894 1812 1022 1853 laufen,
1064 1814 1117 1846 die
1145 1814 1192 1845 sie
1226 1813 1317 1844 nicht
1351 1814 1408 1846 der
1445 1813 1571 1846 Gefahr

893 1863 1065 1890 aussetzen
1098 1860 1253 1901 wollten,
1294 1861 1356 1901 29,
1394 1862 1432 1901 7,
1470 1861 1500 1893 2.
1526 1878 1568 1883 ——

893 1907 1004 1937 deinde
1028 1907 1125 1946 quod,
1163 1906 1247 1936 auch
1270 1907 1356 1946 qaod
1377 1905 1474 1937 liesse
1498 1905 1569 1937 sich

894 1950 958 1981 wie
991 1956 1026 1981 ut
1054 1949 1113 1981 auf
1153 1962 1185 1982 eo
1214 1952 1368 1990 spectabat
1400 1950 1568 1992 beziehen,

897 1995 963 2036 vgl.
992 1995 1084 2027 Caes.
1119 1996 1151 2027 B.
1186 1995 1219 2027 C.
1254 1997 1293 2035 3,
1328 1996 1389 2037 43,
1425 1998 1461 2029 2:
1498 1999 1575 2029 leaeo

897 2047 1056 2082 spectans,
1092 2044 1178 2082 quod
1199 2048 1334 2082 anqusta
1358 2052 1392 2073 re
1407 2043 1576 2082 familiari

897 2088 1042 2118 utebatur
1048 2099 1062 2125 ;
1094 2087 1172 2118 oder
1209 2097 1244 2118 es
1270 2086 1313 2118 ist
1339 2087 1423 2118 dazu
1447 2097 1509 2118 nur
1532 2098 1573 2119 zu

898 2132 1042 2163 denken:
1090 2134 1200 2164 deinde
1239 2143 1272 2164 eo
1303 2133 1570 2173 frustrabantur,

898 2180 999 2218 qaod,
1025 2177 1090 2218 vgl.
1120 2177 1184 2209 Cic.
1213 2177 1250 2219 Q.
1277 2175 1316 2208 fr.
1343 2179 1380 2218 3,
1416 2179 1435 2211 9
1464 2183 1574 2210 extu:

899 2225 1021 2255 dimitto
1052 2225 1250 2264 (Ciceronem)
1283 2234 1302 2254 a
1334 2234 1395 2264 me,
1420 2230 1447 2256 et
1476 2230 1512 2255 ut
1553 2236 1577 2256 a

897 2272 1057 2309 maqustrz's
1084 2280 1122 2300 ne
1145 2271 1305 2307 abducam,
1325 2275 1352 2300 et
1377 2271 1462 2309 quod
1474 2276 1574 2300 mater

897 2316 1036 2355 discedit,
1063 2313 1097 2345 L.
1125 2316 1162 2353 3,
1189 2316 1252 2355 33,
1280 2312 1358 2354 4f;
1384 2316 1414 2356 5,
1435 2315 1489 2352 23,
1521 2316 1573 2347 12.

897 2377 942 2382 —·
966 2361 1135 2400 adversus,
1161 2360 1227 2400 vgl.
1256 2361 1314 2399 28,
1341 2361 1402 2400 22,
1431 2361 1491 2401 14;
1518 2361 1573 2399 42⁷

899 2406 953 2445 41,
982 2407 1038 2438 10:
1063 2406 1231 2445 defendere
1256 2406 1406 2436 adversus
1428 2415 1459 2436 u.
1478 2414 1507 2436 a.
1528 2422 1572 2427 —

898 2461 977 2481 suec.
992 2452 1126 2491 fraudi,
1147 2452 1200 2489 24,
1222 2451 1275 2490 38,
1297 2451 1332 2482 3:
1357 2452 1411 2481 cui
1428 2450 1577 2492 (fraudi)

898 2513 942 2517 —
964 2506 1082 2534 parum
1106 2498 1260 2535 succedit;
1284 2497 1337 2535 40,
1356 2497 1407 2535 11,
1427 2497 1467 2529 10
1481 2506 1509 2527 u.
1527 2505 1572 2536 a,
