1715 2723
212 127 269 168 44
631 122 758 155 LIBER
785 123 933 157 xxxv.
962 121 1053 155 CAP.
1079 125 1132 157 27.
1158 125 1211 157 28.
1478 129 1504 148 a·
1523 130 1552 149 u·
1571 121 1632 149 562-

213 229 277 267 bat
295 228 577 277 Philopoemen
594 230 806 277 tyrannum
824 225 1101 265 mercennariis
1122 224 1316 272 militibus,
1343 225 1486 276 quibus
1505 225 1630 276 pluri-

155 292 195 323 16
216 296 325 323 010111
344 283 489 329 fideret,
518 281 564 320 ab
590 287 697 333 tergo
719 293 812 321 suos
833 282 1121 333 adgressurum.
1164 281 1261 320 duae
1282 294 1344 320 res
1365 282 1482 320 simul
1500 282 1631 333 inopi—

195 342 324 379 'natae
349 339 600 390 perculerunt
630 350 731 385 eum,
760 350 838 377 una
860 343 1165 389 praeoccupatus
1197 349 1314 388 quem
1337 337 1490 388 petebat
1509 339 1630 385 locus,

217 397 343 441 altera,
377 395 482 445 quod
505 395 631 445 primo
655 394 798 445 agmini
820 395 1036 433 occurrisse
1056 395 1208 433 hostem
1230 393 1419 441 cernebat,
1439 394 1517 441 ubi,
1541 406 1632 433 cum

216 464 286 502 per
306 452 390 490 loca
410 452 638 502 confragosa
657 451 728 489 iter
749 457 860 495 esset,
881 451 964 490 sine
983 450 1076 489 levis
1092 455 1307 488 armaturae
1321 450 1511 500 praesidio
1524 450 1633 501 signa

136 512 196 552 28
217 508 309 546 ferri
330 519 410 546 non
430 507 583 546 videbat
604 519 730 558 posse.
781 507 872 546 Erat
892 513 1020 546 autem
1040 507 1321 556 Philopoemen
1342 507 1570 557 praecipuae
1589 506 1630 544 in

217 564 395 603 ducendo
421 564 572 614 agmine
591 564 766 613 locisque
789 563 983 614 capiendis
1001 563 1175 602 solertiae
1194 568 1309 612 atque
1328 574 1435 609 usus,
1454 574 1526 601 nec
1539 562 1627 601 belli

215 626 366 659 lantum
392 619 646 670 temporibus,
677 620 743 658 sed
775 620 889 658 etiam
907 620 947 658 in
973 631 1067 670 pace
1088 631 1129 657 se
1149 619 1195 657 ad
1219 618 1257 657 id
1281 618 1447 657 maxime
1467 630 1631 657 exercu-

176 688 196 720 2
217 682 307 715 erat.
351 676 418 715 ubi
443 676 514 715 iter
543 676 727 727 quopiam
758 678 900 715 faceret
930 682 965 714 et
994 676 1041 714 ad
1073 675 1269 714 difficilem
1300 674 1461 713 transitu
1492 675 1632 713 saltum

216 733 394 779 venisset,
425 733 706 783 contemplatus
735 732 781 770 ab
810 732 917 770 omni
946 738 1052 782 parte
1082 732 1156 770 loci
1186 736 1375 777 naturam,
1407 734 1509 769 cum'
1527 731 1633 769 solus

214 790 298 836 iret,
321 800 455 827 secum
469 788 551 839 ipse
568 788 731 838 agitabat
752 789 895 833 animo,
917 800 1005 826 cum
1019 789 1178 826 comites
1190 787 1357 833 haberet,
1379 787 1425 825 ab
1439 787 1497 826 his
1510 799 1632 837 quae-

175 855 196 887 3
215 845 333 891 rebat,
364 845 396 883 si
419 845 540 883 hostis
562 857 606 882 eo
628 845 713 882 loco
737 845 989 894 apparuisset,
1016 844 1121 894 quid,
1153 844 1184 882 si
1205 856 1225 882 a
1246 845 1385 890 fronte,
1411 843 1515 894 quid,
1537 843 1570 881 si
1586 842 1631 881 ab

216 902 332 940 latere
354 901 429 938 hoc
452 905 517 938 aut
538 900 613 946 1110,
645 900 749 950 quid,
779 900 810 938 si
833 900 879 938 ab
902 906 1008 950 tergo
1031 900 1260 945 adoriretur,
1283 899 1515 949 capiendum
1536 911 1632 937 eon-

216 957 287 995 silii
309 959 430 1002 foret,
453 967 568 1006 posse
590 956 800 994 instructos
818 956 970 994 derecta
992 955 1082 1002 acie,
1103 967 1219 1005 posse
1233 955 1477 994 inconditum
1496 966 1635 1005 agmen

172 1023 196 1053 4
216 1018 252 1051 et
280 1012 548 1051 tantummodo
575 1017 708 1062 aptum
736 1012 816 1050 viae
844 1023 1060 1050 occurrere.
1105 1023 1222 1062 quem
1244 1011 1375 1049 locum
1394 1011 1476 1062 ipse
1498 1016 1634 1061 captu-

214 1081 280 1107 rus
302 1074 413 1114 esset,
444 1068 646 1119 cogitando
669 1073 734 1107 aut
755 1068 978 1119 quaerendo
1001 1067 1276 1117 exequebatur,
1305 1073 1371 1106 aut
1391 1072 1488 1117 quot
1506 1079 1634 1106 arma-

211 1224 285 1256 sich
330 1224 414 1256 auch
449 1221 508 1255 auf
544 1223 655 1255 diesen
690 1222 767 1255 Fau
802 1223 886 1255 habe

955 1218 1081 1257 τόπων
1091 1219 1212 1256 αὐτῶν
1222 1219 1440 1278 ἐλάμβανεν
1437 1220 1586 1264 ἔλεγχον
1594 1239 1638 1245 -—

215 1269 337 1301 decken
362 1269 502 1310 wollen,
530 1268 636 1309 nicht,
667 1269 740 1300 dass
767 1278 803 1300 er
826 1269 887 1300 den

951 1272 1099 1323 χωρίων
1127 1265 1344 1320 συγκλιτίάς.
1362 1284 1407 1289 -
1425 1266 1637 1300 ἐπισκοπῶν

213 1315 342 1356 Angritl
382 1314 550 1346 bestimmt
590 1318 751 1345 erwartet
793 1314 887 1354 habe,

215 1360 256 1391 (10
281 1369 318 1391 er
342 1360 426 1391 nach
450 1361 466 1398 ἓ
489 1361 539 1400 13,
564 1359 664 1400 vgl.§
686 1361 724 1392 16
743 1362 890 1399 inopim-

214 1412 279 1445 tae,
316 1404 418 1436 Nabis
444 1405 527 1435 noch
551 1414 612 1435 vor
637 1403 803 1446 Gytheum
830 1405 888 1436 be-

215 1448 377 1490 sch'ziftigt
401 1449 527 1491 glaubt.
556 1468 591 1472 ·—
620 1461 776 1482 mercenn.
813 1452 890 1491 mil„

214 1506 252 1527 er
275 1500 397 1527 01115510
422 1505 538 1536 wegeu
566 1495 622 1526 des
649 1494 683 1525 10
709 1497 824 1536 quibus
849 1512 891 1517 -

206 1543 273 1582 fid.
293 1540 524 1581 angegebeuen
544 1539 704 1580 Grandes,
725 1541 810 1571 auch
824 1539 890 1571 wol

217 1595 331 1626 wegen
358 1587 413 1617 des
439 1586 497 1617 der
517 1585 666 1616 Phalanx
694 1585 785 1616 nicht
807 1586 891 1626 giiu-

216 1631 324 1671 stigen
337 1630 505 1670 Terrains,
524 1641 588 1661 von
598 1629 709 1662 diesen
719 1631 890 1670 zun'achst,

216 1676 291 1716 und,
319 1686 413 1707 wenn
427 1676 510 1707 auch
524 1675 626 1707 Nabis
641 1686 705 1706 von
724 1674 891 1717 Gytheum

214 1723 275 1753 her
319 1721 385 1752 ihm
418 1724 636 1761 entgegen
671 1721 776 1761 kiime,
815 1731 890 1752 voni

216 1766 350 1798 Riicken
376 1767 434 1797 her
453 1766 546 1798 einen
564 1765 698 1806 Angriff
712 1770 888 1798 erwarten.

215 1830 262 1834 ·-—
279 1813 364 1853 quib.
379 1814 427 1850 pl.
448 1812 483 1851 f„
503 1811 567 1842 wie
588 1812 641 1851 34,
666 1812 720 1851 28,
748 1813 776 1844 8.
798 1822 894 1851 prae-

218 1868 325 1897 ooeup.
350 1859 417 1895 loo„
443 1857 501 1888 der
530 1856 686 1889 Umstand
711 1857 786 1888 dass
811 1868 841 1888 u.
867 1867 892 1888 5.

219 1913 259 1933 w.
296 1902 341 1934 ist
382 1901 454 1934 hier
489 1912 572 1943 ganz
607 1902 678 1933 dem
703 1902 801 1934 Satze
834 1901 895 1933 mit

216 1950 302 1988 quod
324 1947 432 1988 gleich
455 1946 609 1988 gestellt,
647 1958 671 1978 5.
698 1958 723 1978 0.
755 1949 805 1988 11,
843 1949 893 1980 12.

216 2011 262 2015 —
291 1994 448 2034 confraq„
475 2002 527 2023 wo
547 1992 598 2023 (110
617 1992 894 2023 Schwerbewaff—

219 2041 315 2069 neten
352 2037 443 2068 nicht
467 2037 500 2068 10
527 2037 780 2078 geschlossenen
799 2037 893 2069 Glie-

219 2083 300 2114 110νο
339 2082 542 2114 11101·501111·00
575 2083 736 2124 11000100,
775 2093 799 2114 s.
837 2084 891 2121 38,

219 2130 274 2168 40,
306 2129 335 2161 6.

266 2170 335 2209 28.
365 2174 460 2205 1-6.
485 2174 559 2204 loeis
576 2183 654 2212 cap„
681 2183 707 2204 0.
732 2174 782 2213 14,
801 2174 831 2205 9.
853 2191 892 2196 —

216 2229 290 2260 meo,
323 2217 509 2250 erkli'irend.
544 2235 585 2239 —
619 2220 675 2249 ubi
697 2219 892 2259 —faceret,

182 2303 184 2305 Ι
219 2264 283 2295 wie
316 2275 386 2296 ozam
422 2281 465 2285 —
498 2265 558 2295 iret
589 2280 634 2286 -
663 2265 788 2296 haberet
814 2275 893 2305 sqq.,

220 2308 371 2349 iterativ‚
396 2319 421 2340 s.
444 2309 496 2349 32,
528 2309 578 2347 17,
608 2309 665 2348 133
693 2311 745 2349 44,
773 2310 827 2348 33,
855 2312 893 2349 63

221 2356 272 2394 26,
300 2356 352 2394 38,
381 2356 410 2393 5,
441 2364 481 2385 zu
498 2355 553 2392 21,
579 2354 634 2393 42,
661 2356 700 2392 43
724 2355 895 2394 ubifcwer.

217 2399 263 2430 ist
305 2399 377 2430 dem
414 2397 491 2439 folg.
531 2397 629 2430 Satze
669 2398 893 2440 beigeordnet‚

218 2448 305 2475 statt
329 2447 389 2476 iter
405 2445 533 2485 jaciens
557 2461 599 2467 —
623 2446 756 2476 venisset
779 2462 823 2467 —
848 2456 894 2477 se-

219 2500 288 2521 cum
310 2492 376 2529 ipse
402 2491 541 2531 agitabat
563 2506 606 2512 -
634 2500 704 2522 cum
728 2492 813 2521 solue
837 2492 896 2522 iret

220 2538 300 2576 etc.,
334 2534 402 2575 vgl.
427 2534 513 2566 Plut.
539 2544 565 2566 c.
592 2536 630 2576 4,
666 2537 701 2568 5:
735 2533 798 2568 ἐπὶ
823 2536 896 2569 τῶν

959 1312 1068 1351 αὐτὸς
1100 1313 1193 1359 πρὸς
1226 1310 1340 1346 αὑτόἱ
1364 1312 1403 1346 ἐν
1435 1314 1512 1349 ταῖς
1533 1309 1636 1344 ὁδοι-

960 1363 1109 1412 πορίαις
1121 1371 1178 1391 και
1200 1361 1276 1394 τοῖς
1290 1355 1372 1402 μεθ
1390 1356 1524 1390 ἑαυτοῦ
1542 1368 1638 1402 προ-

959 1401 1112 1447 βάλλωι.
1139 1421 1182 1426 --
1194 1415 1286 1443 posse
1300 1421 1339 1425 —
1362 1413 1507 1435 ocurrere
1523 1403 1638 1434 stehen

959 1449 1194 1491 giammatisch
1231 1448 1291 1480 1011
1327 1449 1398 1480 dem
1429 1448 1636 1488 Voiheigeh

960 1496 1025 1526 und
1070 1494 1163 1535 Folg.
1204 1494 1296 1525 nicht
1340 1493 1372 1525 in
1409 1493 1636 1533 Veibindung,

959 1540 1031 1572 sind
1078 1540 1158 1571 aber
1194 1539 1259 1570 wol
1308 1549 1349 1570 an
1394 1538 1491 1570 Jenes
1536 1548 1639 1569 anzu-

960 1585 1152 1622 schliessen,
1181 1585 1221 1615 da
1249 1584 1345 1616 (101·10
1374 1585 1457 1614 00011
1482 1593 1546 1614 1ὀο
1576 1583 1636 1614 (100

960 1630 1104 1662 Feinden
1130 1630 1181 1661 die
1200 1629 1288 1661 Reae
1306 1629 1361 1669 ist,
1379 1629 1549 1667 wiihrend,
1569 1627 1633 1660 wie

960 1679 1026 1715 ipse
1051 1675 1117 1707 0011
1143 1675 1194 1706 die
1215 1673 1479 1714 Wieuerholung
1500 1674 1558 1705 der
1579 1672 1600 1714 ξ
1618 1673 1637 1705 2

961 1722 1097 1762 voi-geh.
1112 1719 1253 1761 Begriffe
1281 1719 1314 1751 in
1338 1721 1499 1760 coqz'tando
1513 1736 1556 1742 —
1570 1729 1639 1751 exe-

963 1768 1116 1808 quebatur
1133 1765 1233 1806 zeigt,
1260 1765 1331 1796 eine
1352 1774 1433 1796 neue
1455 1764 1558 1796 Reihe
1578 1764 1637 1795 be-

964 1811 1207 1852 ginnt.—quem
1217 1814 1291 1850 etc„
1303 1809 1485 1841 dubitative
1495 1808 1636 1850 Fragen.

964 1875 1007 1879 -—
1034 1859 1215 1896 instructos,
1242 1866 1313 1887 zum
1330 1853 1467 1897 Iiampfe
1492 1855 1641 1895 geriistet

963 1902 1028 1934 und
1054 1902 1086 1933 in
1112 1901 1197 1933 Reih
1218 1901 1283 1932 und
1315 1899 1412 1932 Glied
1439 1900 1586 1941 gestellt,
1612 1910 1637 1932 5.

967 1949 1018 1987 10,
1057 1948 1109 1987 36,
1148 1948 1182 1980 1:
1215 1949 1282 1978 suis
1314 1948 1449 1987 quisque
1473 1947 1640 1977 ordinibus

963 1996 1128 2026 instruunt
1152 1994 1256 2025 aciem.
1291 2009 1334 2014 —
1359 1993 1479 2023 derecta
1510 2001 1573 2030 aaz,
1606 1989 1640 2021 in

963 2039 1066 2070 sehon
1091 2037 1275 2078 gebildeter
1292 2035 1542 2077 Schlachtlinie,
1565 2035 1638 2067 dem
1680 2033 1682 2035 ’

962 2085 1086 2116 ineond.
1127 2093 1236 2124 aqmen
1269 2081 1463 2123 gegeuiiber,
1503 2082 1555 2122 34,
1582 2081 1639 2122 28,

963 2131 1000 2162 6:
1032 2131 1098 2161 acie
1132 2131 1254 2160 derecta
1282 2129 1446 2166 paulisper
1469 2132 1640 2165 διείρηκέ,-

963 2176 1016 2214 40,
1045 2176 1097 2214 30,
1124 2175 1162 2213 63
1188 2173 1254 2214 vgl.
1281 2174 1334 2212 37,
1361 2172 1417 2214 23,
1443 2174 1482 2212 73
1507 2171 1640 2203 Andere

963 2219 1054 2251 lesen
1090 2225 1174 2251 recta
1197 2230 1262 2257 aa,
1308 2217 1341 2248 in
1373 2217 1512 2258 gerader
1536 2215 1641 2248 Front

964 2264 1150 2305 gegeniiber
1180 2263 1338 2302 stehend,
1378 2264 1440 2302 34,
1476 2264 1537 2301 28,
1582 2263 1640 2295 11:

963 2312 1045 2342 velut
1069 2316 1168 2342 rectae
1191 2311 1274 2340 acies
1301 2309 1544 2346 concurrissent,
1570 2310 1641 2338 ent-

964 2365 1068 2396 gegen
1111 2355 1182 2386 11001
1217 2353 1353 2394 Angriff
1384 2362 1458 2383 voni
1495 2351 1640 2391 Riicken,

964 2400 1032 2441 vgl.
1059 2410 1085 2432 0.
1114 2402 1145 2440 4,
1175 2402 1211 2432 7:
1237 2406 1318 2431 recto
1337 2400 1639 2438 proelia—aptum

963 2448 1032 2478 viae
1057 2447 1135 2485 (viae
1159 2444 1261 2476 durch
1285 2443 1337 2475 (110
1366 2442 1518 2483 Stellung
1543 2442 1642 2483 geho-

965 2490 1052 2532 11011),
1077 2501 1102 2523 5.
1131 2491 1170 2530 3,
1196 2491 1256 2530 27,
1296 2490 1326 2521 6.
1353 2506 1396 2510 —
1426 2489 1586 2530 exequeb„
1614 2497 1642 2519 0.

969 2538 1028 2576 14,
1069 2537 1128 2577 10,
1162 2535 1234 2567 hier
1268 2533 1524 2575 ungew‘ohnlich
1559 2532 1644 2565 auch
