1715 2723
229 115 313 159 278

681 114 806 148 LIBER
828 114 1023 149 XXXVIII.
1049 115 1141 148 CAP.
1167 119 1197 152 8.

1495 122 1520 142 n.
1536 123 1565 142 u.
1586 115 1649 143 5⁶5.

234 224 317 258 cato
349 217 512 256 concilio
543 218 699 256 Aetolos
728 217 935 268 principes,
967 218 1059 269 quid
1086 218 1278 269 agendum
1306 226 1417 267 esset,
1443 220 1648 258 consuluit.

195 299 215 332 3
235 275 413 314 omnium
433 285 478 311 eo
500 274 709 312 sententiae
734 274 1004 321 decurrerunt,
1033 279 1075 313 ut
1097 286 1183 325 an,
1215 274 1247 313 si
1274 281 1417 326 posset,
1441 276 1587 326 aequis,
1617 275 1650 315 si

235 331 377 376 minus,
409 329 616 368 tolerandis
644 330 939 369 condicionibus
962 335 1179 381 peteretur:
1209 331 1388 370 Antiochi
1406 332 1544 371 fiducia
1564 332 1649 370 bel-

195 410 217 442 4
234 387 316 425 lum
339 392 584 436 susceptumg
605 387 796 425 Antiocho
817 392 919 425 terra
942 386 1116 437 marique
1139 392 1320 438 superato
1345 393 1381 426 et
1399 400 1523 439 prope
1543 393 1650 427 extra

235 442 371 481 orbem
392 448 517 480 terrae
537 443 634 481 ultra
659 443 746 494 iuga
770 443 887 481 Tauri
911 449 1041 482 exacto
1066 456 1182 494 quam
1200 455 1308 494 spem
1328 450 1412 482 ess'e
1433 445 1650 483 sustinendi

197 516 216 548 5
240 496 360 537 belli?
388 498 586 537 Phaeneas
617 505 654 538 et
683 500 899 538 Damoteles
927 500 1032 550 quod
1064 512 1084 538 e
1114 512 1155 538 re
1179 500 1418 547 Aetolorum,
1448 506 1491 539 ut
1518 501 1558 539 111
1587 501 1651 539 tali

235 567 339 601 casu,
370 554 523 605 fideque
554 568 622 594 sua
651 568 734 595 esse
756 563 970 603 censerent,
997 562 1174 607 agerent:
1203 556 1307 607 quod
1330 556 1432 595 enim
1457 556 1530 595 sibi
1552 569 1650 595 con-

195 629 216 661 6
234 611 362 651 silium
385 618 449 650 aut
472 611 581 650 cuius
603 612 658 651 rei
680 613 906 651 electionem
926 625 946 651 a
972 614 1128 651 fortuna
1138 613 1306 651 relictam
1319 611 1340 651 ⁶?
1360 625 1450 651 cum
1462 613 1522 651 his
1536 625 1649 652 man-

234 667 330 706 datis
362 668 472 718 legati
502 669 609 707 missi
630 681 740 707 orare
763 669 976 715 consulem,
1007 675 1048 708 ut
1069 676 1243 720 parceret
1272 669 1371 716 urbi,
1402 669 1652 708 misereretur

235 724 357 775 gentis
382 725 581 775 quondam
604 725 741 771 sociae,
763 726 865 764 nolle
882 725 1008 764 dicere
1020 726 1183 772 iniuriis,
1209 725 1372 764 miseriis
1385 732 1486 764 certe
1498 731 1651 764 coactae

196 801 215 832 7
233 780 425 827 insanire,
449 793 531 819 1101]
554 781 641 832 plus
664 782 752 820 mali
769 781 927 820 meritos
937 782 1092 820 Aetolos
1103 782 1406 829 Antiochibello,
1428 794 1545 833 quam
1556 782 1652 821 boni

234 843 333 883 ante,
354 849 444 876 cum
465 837 650 876 adversus
665 838 886 888 Philippum
905 837 1086 876 bellatum
1108 839 1167 885 sit,
1187 839 1344 885 fecisse,
1366 850 1439 877 nec
1453 844 1536 877 tum
1547 839 1652 889 large

236 894 395 945 gratiam
416 894 573 932 relatam
595 894 678 940 51111,
699 906 772 932 1100
793 906 898 931 nunc
918 894 1126 932 immodice
1145 906 1312 945 poenam
1333 894 1651 945 iniungidebere.

235 950 281 988 ad
313 962 356 988 ea
382 950 520 988 consul
542 950 744 1001 respondit
764 951 882 1001 magis
905 963 1019 1001 saepe
1042 962 1159 1001 quam
1179 963 1269 989 vere
1292 963 1478 1001 umquam
1497 951 1653 990 Aetolos

234 1018 370 1057 pacem
389 1012 531 1057 petere.
572 1007 816 1046 imitarentur
838 1007 1073 1045 Antiochum
1092 1007 1132 1045 in
1152 1007 1315 1058 petenda
1335 1019 1440 1058 pace,
1471 1019 1589 1057 quem
1611 1007 1652 1047 in

197 1076 216 1109 8
234 1063 379 1101 1101111111
404 1063 626 1109 traxissent,
654 1075 734 1102 non
755 1063 888 1114 paucis
908 1063 1072 1101 urbibus
1093 1076 1194 1109 eum,
1227 1063 1273 1102 de
1290 1075 1455 1113 quarum
1476 1063 1650 1102 libertate

236 1125 424 1158 certatum
454 1120 511 1165 sit,
542 1119 608 1158 sed
635 1120 741 1158 0111111
763 1120 849 1158 Asia
871 1120 925 1158 cis
945 1120 1118 1158 Taurum
1142 1126 1328 1166 montem,
1359 1120 1492 1171 opimo
1513 1131 1647 1171 regno,

197 1195 216 1227 9
236 1175 458 1214 excessisse.
498 1176 653 1214 Aetolos
684 1176 758 1214 nisi
778 1176 948 1214 inermes
965 1176 1011 1214 de
1034 1188 1127 1227 pace
1148 1182 1302 1227 agentes
1324 1188 1405 1214 non
1428 1176 1651 1215 auditurum

175 1250 215 1282 10
235 1245 298 1279 50,
319 1244 425 1271 arma
444 1232 516 1270 illis
539 1233 647 1283 prius
671 1245 872 1283 equosque
896 1233 1022 1271 omnis
1042 1233 1252 1271 tradendos
1273 1245 1368 1279 esse,
1391 1232 1528 1271 deinde
1550 1232 1652 1271 mille

232 1289 420 1328 talentum
447 1289 591 1339 argenti
612 1290 756 1340 populo
780 1290 958 1328 Romano
981 1289 1175 1336 dandum,
1205 1289 1315 1328 cuius
1339 1301 1514 1328 summae
1535 1289 1650 1327 dimi-

234 1345 343 1383 dium
364 1357 548 1396 praesens
569 1351 808 1392 numeretur,
838 1345 869 1384 si
888 1358 1023 1397 pacem
1047 1346 1188 1384 habere
1212 1346 1363 1384 vellent.
1410 1345 1455 1384 ad
1480 1358 1523 1384 ea
1543 1345 1649 1384 adie-

235 1501 345 1533 sicher
379 1501 561 1535 erkennen,
601 1501 640 1532 ob
675 1500 763 1533 diese
789 1501 909 1533 worte

235 1547 396 1578 zuniichst
423 1557 462 1578 zu
485 1548 633 1587 sufficere
657 1558 688 1578 u.
716 1549 911 1579 occursantis

235 1592 377 1632 absolut,
406 1602 433 1624 0.
458 1594 513 1632 40,
544 1593 593 1631 12,
621 1603 660 1623 zu
686 1593 831 1630 uehmen,
860 1593 909 1623 od.

236 1648 276 1669 zu
305 1637 426 1669 diesem
451 1648 492 1669 zu
517 1638 631 1669 ziehen
657 1649 685 1669 11.
705 1648 745 1668 Ζι]
763 1639 911 1679 sufficere

235 1683 360 1714 wieder
394 1694 435 1714 zu
467 1683 612 1722 denken,
649 1693 675 1714 5.
703 1684 764 1723 21,
803 1684 840 1724 8,
878 1685 909 1723 4,

237 1729 316 1760 oder
349 1728 456 1760 dieses
488 1728 620 1760 absolut
645 1728 827 1769 gebraucht
850 1728 910 1767 sei,

236 1784 260 1806 s.
289 1776 349 1814 36,
387 1776 448 1813 45,
485 1775 514 1806 2.
540 1792 584 1796 —
608 1777 734 1813 comit,
776 1774 816 1804 da
841 1773 861 1815 ξ
894 1775 908 1807 1

238 1819 290 1851 010
317 1822 472 1852 decretum
493 1822 612 1860 yemis,
655 1820 738 1851 nach
763 1820 833 1851 dem
859 1819 911 1851 die

237 1864 423 1897 Gesandten
440 1864 499 1896 mit
516 1865 801 1896 uubeschrankter
814 1864 912 1896 Voll-

235 1911 346 1941 macht
381 1911 548 1949 kommen,
589 1911 741 1941 erwiihnt
777 1910 838 1945 ist,
875 1920 911 1941 so

236 1956 324 1987 kann
351 1955 424 1988 hier
444 1967 505 1987 nur
522 1956 594 1987 eine
612 1955 806 1996 allgemeine
824 1956 911 1987 11110-

238 2001 540 2042 desversammlung
554 2001 697 2042 gemeiut
715 2001 796 2036 5010,
816 2011 911 2032 wenn

236 2047 321 2078 auch
346 2057 407 2077 nur
425 2047 477 2078 die
495 2046 655 2089 principes
674 2046 805 2087 befragt
822 2057 911 2078 wer-

237 2092 317 2132 den,
343 2102 368 2123 s.
394 2102 421 2123 0.
449 2094 487 2131 9,
519 2094 575 2125 12;
617 2094 674 2133 11,
704 2095 742 2131 2,
773 2092 852 2123 oder
877 2102 910 2124 05

237 2137 282 2168 ist
329 2137 387 2169 der
426 2137 596 2169 Beschluss
635 2138 693 2168 der
725 2137 911 2178 Apokleten

237 2182 398 2223 gemeint,
439 2183 585 2214 welcher
611 2183 669 2214 der
693 2182 910 2223 allgemeineu

236 2228 490 2269 Versammlung
517 2229 687 2269 vorgelegt
712 2227 808 2265 wird,
833 2239 858 2259 5.
881 2239 907 2260 c.

240 2275 300 2315 10,
333 2275 371 2313 23
413 2276 473 2311 36,
500 2276 561 2313 28,
589 2276 619 2307 9.
646 2292 690 2296 --
715 2275 825 2305 Aetoli
841 2285 907 2313 pr„

236 2328 261 2350 s.
287 2329 313 2351 c.
341 2321 399 2359 10,
430 2322 464 2354 1:
493 2321 546 2359 25,
572 2322 625 2359 11,
655 2320 711 2352 12:
739 2321 911 2351 Tarentini

229 2366 411 2404 primave-93
453 2366 514 2404 37,
553 2366 614 2405 49,
657 2366 690 2397 1:
723 2367 832 2396 Aetoli
866 2367 909 2396 Ze-

233 2412 309 2451 9atz'.
338 2427 381 2431 —
407 2413 578 2450 deeurrer„
607 2419 673 2441 von
698 2409 758 2441 (100
787 2408 906 2441 Perso-

234 2464 295 2485 nen
320 2454 578 2496 iibergetragen,
616 2456 676 2496 26,
710 2456 770 2495 18,
797 2456 834 2487 4:
874 2467 907 2487 eo

235 2501 400 2532 decursum
425 2508 477 2533 est.
502 2518 546 2522 —
571 2499 757 2538 tolerandis,
782 2499 905 2540 Adjec-

235 2544 303 2584 tiv,
330 2545 399 2586 vgl.
424 2547 485 2586 23,
512 2548 565 2587 28,
594 2549 622 2579 S.
649 2564 690 2568 —
716 2552 804 2578 extra
829 2548 904 2586 orb„

978 1512 1004 1532 c.
1029 1503 1092 1541 24,
1117 1503 1147 1534 6.
1173 1519 1217 1524 ——
1242 1513 1257 1533 e
1280 1513 1314 1533 re
1337 1519 1380 1523 —
1401 1504 1501 1542 fideq.
1525 1513 1563 1539 s.,
1588 1501 1652 1533 wie

978 1546 1009 1577 in
1036 1547 1217 1578 riimischen
1244 1547 1508 1586 Yerh'altnissen,
1535 1548 1590 1586 25,
1620 1549 1652 1587 7,

980 1594 1009 1626 4.
1035 1610 1079 1614 —
1105 1599 1139 1624 ut
1163 1595 1197 1623 in
1228 1595 1287 1624 tali
1307 1603 1343 1631 c.,
1372 1593 1427 1632 25,
1464 1592 1515 1632 19,
1544 1593 1594 1625 15.

1025 1639 1044 1671 6
1060 1639 1147 1671 -10,
1172 1640 1270 1670 z'm'ur.
1286 1640 1432 1675 miseriis,
1458 1637 1515 1668 der
1535 1636 1653 1668 Chias-

979 1694 1048 1714 11105
1073 1694 1102 1714 0.
1129 1682 1348 1723 Gleichklang
1379 1683 1459 1714 hebt
1492 1682 1553 1714 den
1584 1681 1652 1714 Ge-

980 1732 1127 1770 gensatz.
1160 1747 1197 1750 *-
1240 1731 1390 1768 z’nsanire,
1423 1729 1476 1768 30,
1513 1728 1564 1769 13,
1601 1729 1652 1761 10.

980 1793 1020 1797 -—
1048 1786 1117 1806 omn
1142 1792 1185 1796 —
1211 1776 1277 1807 ben.
1302 1776 1343 1806 sit
1362 1773 1565 1805 besehrtinkt
1593 1773 1652 1805 das

980 1819 1210 1851 unbestimmte
1241 1826 1323 1859 ante,
1357 1819 1466 1851 indem
1499 1828 1545 1860 es,
1578 1821 1652 1851 An-

980 1867 1075 1897 tiochi
1100 1867 1127 1897 b.
1163 1865 1418 1907 eutsprechend‚
1446 1865 1504 1896 das
1534 1863 1652 1896 hinzu-

978 1910 1063 1951 siigt,
1103 1921 1174 1942 was
1211 1910 1244 1941 in
1281 1911 1339 1942 der
1381 1921 1421 1941 zu
1461 1909 1652 1941 deukenden

980 1956 1056 1987 Zeit
1079 1956 1262 1997 gescheheu
1287 1955 1341 1996 ist,
1372 1955 1489 1987 anders
1518 1956 1571 1995 27,
1598 1957 1653 1997 28,

982 2004 1010 2034 5.
1034 2019 1077 2023 —
1105 2004 1199 2043 larqe,
1225 2003 1278 2041 33,
1298 2002 1352 2041 34,
1379 2003 1408 2034 7.
1431 2019 1472 2022 —
1491 2003 1591 2042 maqis
1608 2018 1652 2023 —-

980 2058 1064 2088 mnq.
1091 2045 1157 2078 fast
1180 2061 1225 2072 =
1251 2046 1300 2078 oft
1323 2047 1451 2078 11101-
1470 2046 1551 2078 aber
1575 2046 1651 2078 kein

980 2092 1123 2133 einziges
1144 2091 1223 2129 Mal,
1241 2092 1308 2133 vgl.
1331 2093 1362 2132 9,
1381 2094 1435 2132 45,
1454 2093 1483 2124 2.
1501 2110 1545 2114 —
1558 2102 1652 2133 quar.

980 2140 1042 2175 lib„
1074 2137 1141 2178 vgl.
1169 2139 1223 2177 37,
1257 2138 1311 2177 35,
1345 2136 1395 2170 2f.
1428 2148 1497 2168 non
1522 2155 1562 2159 —
1589 2139 1652 2177 sed,

981 2194 1008 2215 c.
1034 2185 1088 2223 22,
1115 2185 1144 2216 9.
1171 2201 1213 2206 —
1242 2186 1344 2222 opimo
1367 2195 1408 2223 r.,
1433 2184 1487 2223 37,
1517 2184 1571 2223 54,
1599 2184 1650 2215 12.

982 2248 1016 2251 --
1048 2232 1184 2261 inermes
1208 2232 1281 2268 etc.,
1308 2229 1391 2259 nach
1423 2228 1495 2259 dem
1520 2227 1651 2259 Grund-

979 2278 1070 2306 satze
1096 2276 1150 2314 25,
1178 2275 1231 2314 34,
1260 2276 1298 2313 73
1322 2274 1415 2305 Dion.
1441 2273 1512 2304 Hal.
1542 2275 1594 2313 14,
1620 2274 1650 2306 9.

976 2337 1020 2341 -
1049 2322 1133 2351 mille
1156 2337 1200 2341 —-
1224 2321 1375 2358 dandum,
1406 2329 1430 2350 S.
1463 2320 1517 2358 37,
1552 2320 1583 2358 7,
1617 2320 1650 2361 13

977 2365 1044 2405 vgl.
1071 2366 1125 2406 43,
1143 2366 1198 2405 23,
1226 2366 1261 2397 2;
1294 2367 1339 2396 ad
1367 2366 1452 2396 mille
1470 2365 1651 2404 kominumg

976 2412 1031 2451 21,
1067 2412 1121 2450 61,
1158 2412 1193 2448 1;
1236 2410 1301 2441 Cic.
1335 2408 1419 2440 Phil.
1465 2411 1496 2450 6,
1530 2411 1561 2449 5,
1594 2410 1651 2442 15:

975 2458 1060 2487 mille
1098 2466 1262 2488 nummum
1301 2465 1478 2494 expensum.
1529 2456 1656 2496 arqemi

975 2500 1059 2532 fehlt
1087 2501 1161 2533 hier
1183 2501 1216 2532 in
1243 2501 1301 2532 der
1326 2500 1435 2531 Bamb.
1455 2499 1522 2540 Hs.,
1547 2509 1575 2532 0.
1597 2501 1649 2540 15,

976 2548 1014 2588 6,
1043 2547 1097 2586 37,
1122 2548 1161 2586 6,
1194 2547 1247 2587 38,
1286 2546 1325 2578 13
1350 2556 1380 2577 u.
1409 2555 1439 2578 a.
1468 2563 1511 2567 —
1538 2556 1650 2577 nume-
