1715 2723
200 97 282 138 140

622 95 747 128 LIBER
772 95 936 128 XXXVI.
962 94 1055 129 CAP.
1083 97 1134 129 33.
1159 97 1212 129 34.

1472 104 1496 122 a.
1517 103 1544 122 u.
1559 95 1622 124 563.

159 200 179 233 6
198 205 329 250 patere
360 203 490 249 portas
520 198 613 249 regi.
648 199 695 236 ad
726 198 898 249 primum
927 197 1010 237 eius
1034 198 1256 249 ingressum
1278 199 1500 250 principum
1532 199 1622 250 qui-

200 256 288 294 dam
319 254 417 293 urbe
448 260 711 302 excesserunt,
742 254 988 306 Eurylochus
1018 260 1184 293 mortem
1206 254 1278 293 sibi
1299 256 1494 295 conscivit.
1537 256 1623 294 An-

199 311 315 350 tiochi
339 310 478 349 milites
501 333 555 337 —-
576 311 630 350 sic
652 311 756 349 enim
780 311 879 362 pacti
902 316 1076 349 erant—
1097 322 1168 361 per
1188 310 1453 351 Macedoniam
1473 312 1623 351 Thrae-

201 367 377 417 ciamque
399 367 726 417 prosequentibus
738 367 1025 414 Macedonibus,
1049 379 1099 405 ne
1120 366 1207 417 quis
1230 379 1296 406 eos
1316 368 1486 415 violaret,
1507 368 1624 420 Lysi-

161 426 180 457 7
201 423 389 462 machiam
420 423 574 462 deducti
603 429 705 463 sunt.
750 429 860 462 erant
889 429 925 463 et
945 435 1089 474 paucae
1110 435 1227 462 naves
1249 424 1501 472 Demetriade,
1532 425 1623 476 qui-

199 480 273 518 bus
303 486 479 530 praeerat
500 480 695 527 Isidorus3
723 493 788 519 eae
814 492 972 531 quoque
1003 492 1092 518 cum
1123 481 1318 530 praefecto
1350 493 1422 519 suo
1444 481 1624 520 dimissae

200 541 303 574 sunt.
342 536 433 574 inde
454 536 656 588 Dolopiam
687 542 724 576 et
745 537 992 588 Aperantiam
1021 542 1058 575 et
1077 536 1333 575 Perrhaebiae
1357 537 1543 587 quasdam
1566 538 1624 576 ci-

200 592 332 631 vitates
363 592 510 643 recipit.

123 653 183 693 34

314 649 415 687 Dum
446 649 540 687 haec
570 662 590 688 a
615 649 793 700 Philippo
826 654 1026 700 geruntur,
1057 649 1100 687 T.
1131 648 1336 696 Quinctius
1366 654 1521 700 recepta
1550 650 1625 688 Za-

162 713 181 746 2
202 706 346 756 cyntho
377 704 424 743 ab
455 706 621 744 Achaico
653 706 815 744 concilio
848 706 1089 756 Naupactum
1121 705 1289 752 traiecit,
1321 717 1419 756 quae
1447 706 1524 744 iam
1554 718 1626 757 per

201 762 300 800 duos
330 774 485 800 menses
509 785 562 789 -
594 768 630 801 et
658 763 735 800 iam
766 774 889 812 prope
918 762 1111 800 excidium
1139 767 1220 800 erat
1238 784 1293 788 —
1315 762 1626 813 oppugnabatur,

202 824 237 857 et
259 818 290 857 si
310 823 418 868 capta
439 818 474 856 vi
497 820 609 865 foret,
629 830 745 856 omne
767 830 915 856 nomen
936 818 989 857 ibi
1000 818 1228 857 Aetolorum
1249 818 1296 856 ad
1315 818 1624 858 internecionem

161 884 181 916 3
201 874 403 913 videbatur
445 881 668 913 venturum.

727 880 900 913 ceterum
938 886 1177 925 quamquam
1216 874 1353 912 merito
1394 875 1514 913 iratus
1545 880 1627 914 erat

200 931 356 977 Aetolis,
385 930 491 980 quod
514 931 618 970 solos
642 931 877 969 obtrectasse
898 930 1039 981 gloriae
1060 942 1164 977 suae,
1191 942 1280 968 cum
1302 929 1482 969 liberaret
1503 931 1624 970 Grae-

202 987 312 1033 ciam,
342 987 582 1034 meminerat,
614 993 651 1026 et
670 987 764 1026 nihil
794 987 1018 1025 auctoritate
1041 999 1111 1025 sua
1133 992 1261 1025 motos
1284 998 1381 1034 esse,
1403 999 1505 1034 cum,
1527 999 1626 1037 quae

175 1075 181 1080 .
199 1049 282 1082 tum
304 1043 471 1081 maxime
492 1044 721 1090 acc-iderant,
743 1056 877 1082 casura
899 1055 1160 1094 praemonens
1181 1055 1202 1081 a
1225 1043 1375 1082 furioso
1390 1043 1544 1094 incepto
1557 1056 1626 1083 eos

160 1102 181 1134 4
201 1100 423 1146 deterreret,
446 1107 574 1139 tamen
596 1100 657 1139 sui
677 1100 844 1139 maxime
869 1101 997 1151 operis
1022 1112 1106 1138 esse
1129 1099 1291 1138 credens
1313 1100 1458 1139 nullam
1471 1105 1626 1151 gentem

198 1156 378 1195 liberatae
408 1156 454 1195 ab
481 1169 522 1195 se
548 1157 726 1196 Graeciae
758 1156 933 1195 funditus
963 1156 1105 1202 everti,
1137 1155 1387 1195 obambulare
1418 1157 1552 1204 muris,
1584 1163 1628 1196 ut

202 1246 262 1277 den
296 1245 359 1276 wir
390 1245 439 1277 als
473 1244 571 1276 Theil
603 1246 658 1277 des
684 1244 877 1276 Pr'aeidicates

200 1295 386 1329 erwarten;
413 1291 453 1322 da
478 1301 512 1322 es
541 1291 694 1322 Attribut
718 1301 758 1322 zu
787 1293 878 1323 venia

200 1336 254 1375 ist,
268 1336 353 1367 wird
366 1336 424 1368 der
441 1337 543 1367 durch
557 1336 671 1368 Beides
690 1336 876 1368 bestimmte

200 1381 328 1423 Begriff
360 1382 418 1414 der
444 1381 608 1422 Hoffuung
641 1380 792 1413 schiirfer
817 1382 876 1413 be-

200 1427 361 1459 zeichnet.
387 1434 514 1468 —pat.
536 1434 660 1467 portas,
690 1438 726 1459 so
755 1427 878 1458 kommt

201 1473 260 1504 der
283 1473 440 1514 wichtige
466 1472 560 1504 Platz
597 1473 721 1504 wieder
754 1472 786 1504 in
824 1472 876 1504 die

202 1517 334 1550 Gewalt
366 1519 422 1550 des
454 1517 589 1559 Hiinigs,
626 1519 680 1559 39,
724 1519 778 1558 23,
818 1520 876 1558 123

200 1563 243 1595 ib.
273 1565 328 1597 25.
355 1565 385 1596 9.

247 1632 346 1664 6—7.
371 1633 568 1670 Euryloch.‚
593 1641 618 1662 s.
646 1632 707 1669 35,
734 1628 808 1663 31f.
833 1647 878 1653 —

199 1679 260 1715 sic,
301 1677 376 1708 dass
413 1677 469 1707 das
504 1686 540 1707 so
567 1677 752 1717 geschehen
781 1675 875 1715 solle,

200 1732 225 1753 c.
244 1723 298 1762 28,
318 1723 358 1755 2:
385 1725 437 1754 ita.
455 1740 500 1744 --
518 1724 646 1754 Thrace.
659 1746 667 1761 ,
686 1732 711 1753 s.
739 1722 793 1763 32⁷
820 1724 873 1761 25,

203 1769 261 1807 1ος
289 1770 343 1808 37,
372 1769 426 1807 33,
448 1769 486 1803 3;
516 1767 629 1805 1348,
659 1769 695 1807 43
722 1768 775 1805 60,
807 1769 824 1800 7
843 1778 875 1801 u.

199 1823 227 1844 a.
250 1831 291 1836 —-
312 1815 446 1853 Lysim„
474 1823 501 1844 e.
528 1816 559 1853 7,
588 1815 638 1846 15.
663 1830 703 1835 -
730 1814 822 1853 Isid„
849 1823 875 1844 c,

199 1859 252 1898 20,
277 1861 309 1891 5.
334 1877 376 1881 —-
402 1860 537 1898 Dolon,
576 1869 617 1890 an
642 1859 700 1890 der
724 1857 875 1890 Siidseite

198 1904 254 1935 des
269 1903 390 1935 Pindus
416 1905 500 1935 nach
520 1904 620 1935 Osteu
639 1904 704 1935 und
724 1904 768 1936 W
771 1908 876 1944 esten,

199 1951 260 1989 33,
288 1951 352 1989 34,
379 1951 416 1988 ὃς
445 1949 573 1981 siidlich
599 1960 663 1980 von
689 1949 799 1989 ihnen,
825 1959 877 1980 am

201 1994 320 2026 oberen
361 1993 464 2026 Laufe
505 1995 562 2026 des
599 1994 784 2033 Achelous,
824 1994 876 2026 die

198 2039 361 2082 Aperanti
390 2040 421 2071 in
457 2041 515 2072 der
538 2039 633 2072 N'abe
657 2041 714 2072 der
735 2040 876 2080 Agraer,

197 2085 266 2126 vgl.
293 2096 320 2117 c.
348 2087 411 2125 34,
437 2087 475 2125 93
521 2087 575 2125 38,
603 2087 634 2124 3,
664 2088 702 2125 43
741 2088 795 2123 43
822 2087 876 2127 22,

201 2133 251 2164 11.
277 2149 320 2153 -—
351 2132 539 2170 Perrhaeb„
567 2141 593 2162 c.
629 2133 683 2171 15,
713 2133 751 2171 7,
789 2130 877 2162 Plut.

197 2176 218 2207 l.
251 2175 292 2207 l.:
331 2188 381 2220 a)
384 2178 527 2222 ομένων
562 2179 624 2209 καὶ
658 2179 877 2231 φερομειων

200 2218 274 2254 ῖπὸ
307 2225 372 2254 τοί
398 2212 624 2260 Mansddzog
655 2225 765 2255 τοῦτο
805 2222 876 2267 μὲν

198 2263 387 2300 Δολόπων
413 2269 475 2300 καὶ
502 2271 623 2321 Motya
629 2263 732 2309 ήτων,
764 2280 874 2300 τουτο

199 2312 239 2345 δὲ
264 2310 488 2358 Λθαμάνων
512 2315 575 2346 καὶ
597 2310 756 2359 Ἀπεραι
760 2313 841 2346 τῶι

245 2377 421 2417 34-35,
480 2380 785 2413 Waffenstillstand
816 2380 875 2411 mit

197 2426 259 2457 den
273 2426 450 2466 Aetolern3
471 2425 771 2458 Gesandtschaften
791 2427 875 2457 nach

196 2470 286 2503 Rom.
336 2470 454 2514 Polyb.
485 2474 546 2513 20,
578 2473 637 2512 12,
674 2470 761 2503 Plut.
788 2470 871 2503 Phil.

200 2518 259 2557 173
284 2515 349 2548 Tit.
381 2519 431 2550 15.

995 1246 1094 1278 2—4.
1123 1252 1150 1276 et
1175 1248 1240 1276 iam
1267 1263 1310 1267 —
1337 1252 1413 1285 erat,
1442 1255 1539 1277 wenu
1557 1245 1626 1277 die-

947 1300 999 1322 ses
1025 1291 1082 1322 der
1105 1289 1181 1322 Fan
1205 1301 1297 1331 war,
1325 1301 1360 1322 so
1385 1290 1431 1322 ist
1458 1291 1516 1322 der
1540 1290 1625 1322 Ent-

946 1336 1074 1367 schluss
1110 1336 1165 1367 (les
1194 1335 1332 1368 Consuls
1356 1346 1382 1367 c.
1408 1337 1462 1376 35,
1489 1338 1508 1370 6
1535 1336 1628 1368 nicht

946 1381 1049 1413 leicht
1068 1381 1260 1413 erkl‘airlich.
1312 1384 1375 1413 iam
1401 1400 1443 1404 —
1467 1384 1540 1422 iam,
1569 1383 1624 1423 37,

950 1428 1001 1466 13,
1027 1428 1065 1463 9;
1092 1427 1175 1457 doch
1201 1426 1245 1458 ist
1270 1436 1310 1457 an
1337 1437 1367 1458 u.
1385 1427 1433 1458 St.
1454 1427 1545 1459 viell.
1566 1428 1628 1459 das

946 1472 1018 1504 eine
1048 1475 1110 1504 iam
1134 1472 1269 1512 uniicht,
1296 1472 1364 1513 vgl.
1393 1474 1447 1512 37,
1474 1473 1506 1512 6,
1535 1474 1625 1505 3.—

946 1529 1034 1549 omne
1065 1529 1117 1559 m,
1157 1517 1190 1548 in
1216 1518 1274 1549 der
1300 1517 1398 1549 Stadt
1421 1517 1526 1549 selbst
1551 1528 1624 1549 war

946 1574 1007 1594 nur
1044 1563 1097 1594 ein
1134 1562 1263 1595 kleiner
1299 1561 1397 1594 Theil
1434 1563 1490 1595 des
1515 1562 1622 1594 Volks

946 1608 1229 1649 eingeschlossen3
1256 1617 1290 1639 es
1315 1608 1379 1639 soll
1399 1608 1466 1639 wol
1486 1618 1547 1639 nur
1565 1608 1625 1640 be-

946 1653 1086 1693 deuten,
1113 1653 1188 1685 dass
1214 1653 1299 1684 dann
1325 1653 1383 1685 der
1407 1663 1510 1694 ganze
1539 1653 1620 1685 3101.

945 1699 1036 1730 Bund
1068 1709 1108 1730 zu
1133 1697 1266 1730 Gruude
1299 1699 1403 1739 gehen
1429 1699 1552 1731 wiirde.
1580 1717 1625 1721 —

945 1747 975 1776 si
1005 1756 1029 1776 c.
1064 1755 1093 1776 v.
1121 1745 1229 1784 foret,
1264 1745 1318 1784 27,
1357 1746 1411 1785 26,
1438 1746 1476 1785 93
1508 1746 1563 1785 43,
1590 1746 1624 1783 4,

948 1792 978 1829 1,
1028 1790 1095 1830 vgl.
1145 1792 1201 1829 45,
1251 1791 1306 1829 25,
1350 1792 1391 1823 12
1434 1800 1465 1821 u.
1504 1799 1534 1821 a.
1579 1807 1624 1812 —

945 1842 1080 1875 ventur„
1125 1835 1193 1876 vgl.
1237 1836 1268 1875 2,
1310 1836 1364 1875 44,
1406 1837 1443 1868 9:
1489 1837 1525 1867 id
1555 1846 1625 1867 ma-

948 1884 1012 1913 lum
1040 1898 1083 1902 —-
1109 1883 1152 1912 ad
1173 1887 1310 1913 extrema
1333 1883 1452 1912 venisse
1481 1891 1511 1912 u.
1538 1881 1622 1912 3.-

947 1929 1145 1965 obtrectasse,
1184 1927 1278 1958 hatte
1312 1925 1355 1957 im
1389 1924 1621 1967 Gedachtniss,

947 1975 1073 2003 wusste
1093 1971 1178 2011 daSS,
1205 1982 1231 2003 s.
1257 1973 1311 2011 29,
1339 1973 1393 2011 28,
1421 1973 1457 2011 8,
1483 1973 1538 2011 41,
1568 1973 1622 2012 18,

952 2019 988 2057 1,
1030 2027 1089 2048 zur
1117 2016 1221 2048 Sache
1250 2018 1311 2056 33,
1344 2018 1403 2056 11,
1431 2018 1469 2057 83
1494 2016 1538 2049 ib.
1564 2019 1618 2057 31,

1264 2062 1387 2094 bereits
1414 2062 1621 2103 eingetreten

1365 2109 1419 2147 24,
1447 2109 1477 2147 7,
1504 2108 1543 2146 33
1576 2107 1620 2140 ib.

947 2064 977 2096 2.
1006 2080 1049 2085 —
1074 2066 1225 2102 accz'der„

946 2118 1019 2139 war
1045 2108 1110 2139 und
1134 2109 1281 2147 dauerte,
1310 2118 1335 2139 s.

947 2155 1001 2193 32,
1028 2155 1059 2187 9.
1085 2172 1128 2176 —
1151 2165 1282 2192 casura,
1308 2153 1385 2185 weil
1411 2152 1499 2185 diese
1523 2152 1550 2184 F
1553 2163 1623 2185 orm

946 2210 1010 2230 von
1050 2202 1188 2231 accidere
1221 2198 1312 2230 nicht
1344 2198 1489 2240 gebildet
1523 2198 1623 2239 wird,

946 2244 1012 2286 vgl.
1040 2246 1100 2284 38,
1137 2246 1200 2283 46,
1236 2245 1276 2285 63
1314 2246 1375 2284 35,
1407 2245 1465 2284 13,
1493 2245 1537 2283 9,
1563 2254 1624 2275 zur

944 2289 1049 2322 Sache
1083 2292 1144 2330 35,
1174 2291 1236 2329 33,
1269 2292 1298 2322 7.
1334 2307 1378 2311 —
1402 2292 1529 2329 deterr„
1557 2289 1618 2320 ab-

944 2336 1125 2367 schreckeu
1158 2336 1285 2375 wollte,
1328 2334 1382 2374 25,
1419 2336 1472 2374 33,
1509 2336 1539 2368 5.
1575 2352 1619 2356 —

944 2383 997 2412 sui
1020 2392 1080 2420 op„
1109 2382 1163 2420 38,
1190 2383 1221 2421 9,
1248 2382 1284 2413 6:
1312 2382 1398 2421 quod
1418 2383 1471 2411 sm·
1484 2382 1620 2412 maxime

943 2429 1047 2466 operis
1069 2433 1144 2458 erat
1175 2444 1215 2448 —
1248 2428 1327 2457 null.
1357 2437 1387 2467 9.
1425 2429 1508 2465 etc.‚
1551 2425 1621 2466 vgl.

942 2470 1393 2510 c.17,13:Plut.l.l.:
1429 2473 1622 2518 οἰκτείρων

944 2529 1029 2554 τοις
1050 2513 1234 2559 Ἐλλητας.
