1715 2723
521 102 645 135 LIBER
662 103 792 135 XXXI.
820 103 912 135 CAP.
932 106 984 136 45.
1002 107 1055 137 46.
1438 106 1490 146 87

85 122 112 140 a.
129 114 182 139 Ch.
199 114 258 138 200.

85 208 175 247 bem
196 207 465 258 direptamque
486 217 610 256 nuper
630 218 649 244 a
672 205 860 256 Philippo.
892 217 962 256 per
977 219 1089 256 agros
1106 208 1221 258 palati
1241 208 1384 247 milites
1404 208 1489 247 fru-

86 268 262 303 mentum
285 268 322 301 et
343 262 374 300 si
396 274 469 312 qua
490 262 558 301 alia
580 261 668 300 usui
689 274 772 299 esse
793 262 840 300 ad
864 263 1097 300 vescendum
1114 270 1293 313 poterant
1309 265 1354 303 ad
1372 276 1488 303 naves

84 320 286 365 rettulere,
309 319 472 370 praedae
494 330 565 356 nec
580 323 660 356 erat
676 318 896 368 quicquam,
919 330 990 357 nee
1010 326 1233 358 meruerant
1254 321 1398 367 Graeci,
1422 333 1490 360 cur

84 376 354 427 diriperentur.
395 374 483 412 inde
513 374 788 412 Cassandream
811 380 986 425 petentes
1014 375 1140 425 primo
1169 376 1214 414 ad
1244 377 1485 424 Mendaeum,

84 432 325 472 maritimum
347 430 505 469 civitatis
523 430 604 468 eius
621 430 759 475 vicum,
782 435 954 469 tenuere.
985 430 1074 469 inde
1092 444 1180 469 cum
1199 439 1379 482 superato
1395 446 1487 484 pro-

86 489 283 527 munturio
301 489 347 526 ad
364 487 444 538 ipsa
461 487 613 525 moenia
629 487 735 525 urhis
752 487 1009 538 circumagere
1027 488 1187 526 classem
1204 488 1355 535 vellent,
1377 502 1487 529 saeva

83 550 214 583 coorta
242 548 468 595 tempestate
497 556 616 594 prope
647 543 776 581 obruti
809 544 1010 589 fluctibus,
1047 544 1228 594 dispersi,
1267 557 1404 595 magna
1441 559 1487 584 ex

84 606 191 652 parte
227 601 376 639 amissis
398 599 647 638 armamentis
674 600 713 637 in
741 604 884 637 terram
914 601 1142 650 effugerunt.
1187 612 1304 638 omen
1333 614 1487 652 quoque

83 670 127 695 ea
157 657 347 695 maritima
377 661 588 706 tempestas
616 655 660 694 ad
694 668 776 693 rem
806 662 907 694 terra
930 656 1138 706 gerendam
1159 657 1242 695 fuit.
1284 669 1487 696 1131116011-

82 712 189 751 lectis
211 713 250 751 in
266 725 388 751 unum
410 712 570 750 navibus
599 712 862 763 expositisque
892 712 1012 763 copiis
1042 713 1210 762 adgressi
1238 713 1376 752 urbem
1398 727 1486 752 cum

83 769 214 807 multis
236 768 457 807 vulneribus
478 768 622 819 repulsi
644 791 696 795 ——
718 773 756 806 et
785 774 865 807 erat
885 769 1053 807 validum
1081 769 1131 807 ihi
1164 770 1311 820 regium
1340 770 1486 820 praesi-

81 825 189 863 dium
217 848 269 852 —
298 825 408 863 irrito
438 825 589 875 incepto
617 825 778 875 regressi
808 825 855 863 ad
878 825 1151 864 Canastraeum
1176 826 1350 864 Pallenes
1371 827 1488 865 traie-

80 893 179 920 cere.
217 881 305 919 inde
326 886 507 931 superato
530 881 706 919 Toronae
728 882 1001 931 promunturio
1023 882 1245 932 navigantes
1266 883 1485 921 Acanthum

80 938 238 988 petiere.
281 937 331 975 ibi
352 938 477 988 primo
506 949 594 987 ager
622 942 810 983 vastatus,
842 938 980 976 deinde
1010 938 1091 988 ipsa
1122 938 1214 976 urbs
1244 939 1278 976 vi
1307 943 1415 990 capta
1443 952 1486 978 ac

79 994 240 1044 direpta.
276 1005 348 1031 nec
367 992 468 1031 ultra
488 993 682 1044 progressi
705 1016 757 1021 ——
778 994 853 1032 iam
877 994 979 1032 enim
997 1001 1034 1032 et
1055 1007 1186 1045 graves
1209 995 1348 1045 praeda
1368 1007 1483 1033 naves

81 1049 273 1088 habebant
293 1072 341 1076 —
368 1054 484 1094 retro,
506 1049 608 1088 unde
639 1055 841 1095 venerant,
872 1050 1070 1089 Sciathum
1100 1056 1137 1089 et
1161 1051 1207 1089 ab
1230 1051 1383 1089 Sciatho
1406 1052 1484 1090 Eu-

83 1105 220 1143 boeam
244 1110 437 1155 repetunt.

1523 216 1560 247 13

1521 385 1559 418 14

1521 609 1558 640 15

1517 947 1556 978 16

191 1160 246 1198 Ibi
266 1160 397 1199 relicta
418 1161 536 1199 classe
565 1160 698 1198 decem
726 1161 887 1199 navibus
917 1161 1101 1212 expeditis
1130 1163 1258 1201 sinum
1282 1162 1484 1202 Maliacum
1502 1166 1555 1204 46

80 1260 261 1301 Magnesia.
278 1278 319 1282 —
339 1263 516 1300 vastatam,
535 1271 562 1292 c.
578 1260 630 1297 28,
650 1260 679 1291 6.
698 1279 743 1283 —

77 1305 243 1348 praedae,
267 1315 319 1336 um
343 1305 437 1337 einen
455 1304 582 1345 Begriff
600 1306 742 1336 hervor-

78 1351 237 1389 zuheben,
256 1351 344 1387 oder,
362 1350 426 1381 wie
440 1350 491 1381 bei
504 1351 574 1381 dem
588 1349 742 1390 Relafiv„

79 1406 133 1427 uni
162 1396 214 1426 ihn
245 1406 285 1426 an
314 1396 371 1427 das
401 1395 607 1436 Vorhergeh.
641 1406 742 1426 anzu-

81 1440 238 1482 kniipfen,
268 1440 351 1471 vsird
377 1441 529 1472 derselbe
554 1441 605 1472 hei
628 1451 743 1472 eorre-

77 1486 323 1527 spondirenden
342 1485 462 1517 Sa‘tzen
480 1486 652 1517 bisweilen
671 1486 743 1517 dem

78 1536 191 1563 ersten
214 1531 474 1571 vorangestelst,
504 1531 553 1562 als
580 1531 619 1562 ob
644 1541 680 1562 er
704 1542 744 1562 zu

79 1576 195 1607 beiden
213 1576 369 1616 gehtirte,
388 1576 535 1617 obgleich
554 1586 591 1607 er
610 1588 671 1607 nur
689 1575 747 1607 auf

78 1622 141 1653 den
159 1626 270 1652 ersten
288 1621 359 1651 sich
376 1621 517 1657 bezieht,
534 1632 570 1652 so
586 1621 638 1652 bei
656 1624 688 1652 et
702 1640 746 1644 —

78 1669 134 1704 θές
151 1676 210 1697 nee
227 1684 269 1688 —
287 1676 363 1697 nee:
382 1676 407 1696 5.
429 1666 482 1705 33,
501 1668 531 1704 9,
552 1666 742 1705 10;111.27,

84 1711 141 1749 1ος
160 1710 213 1749 34,
232 1710 691 1752 62,1;44,26,14;21,15,
707 1712 743 1743 4:

81 1755 134 1795 22,
153 1756 183 1796 6,
202 1756 239 1791 23
260 1755 311 1796 39,
330 1755 383 1793 40,
403 1755 422 1786 9
440 1766 470 1785 11.
491 1765 537 1795 a.‚
557 1756 606 1786 bei
624 1758 683 1787 aut
700 1774 745 1778 —

76 1803 151 1839 aut,
170 1801 200 1838 2,
218 1800 271 1838 27,
290 1800 327 1838 23
347 1800 405 1839 23,
426 1801 455 1839 7,
475 1800 511 1836 ὃς
531 1803 569 1831 ut
586 1819 629 1822 —
647 1802 694 1831 ita
713 1801 743 1839 9,

79 1846 112 1884 4,
131 1846 168 1881 93
188 1844 240 1885 28,
259 1845 310 1885 37,
329 1844 365 1881 6·
385 1845 451 1885 vgl.
467 1846 518 1886 37,
533 1845 586 1885 47,
601 1845 620 1876 4
639 1856 744 1877 unum

79 1909 123 1912 —
141 1890 228 1921 alter
231 1900 288 1921 11111
304 1900 336 1921 u.
355 1889 384 1920 ’11.

129 1935 258 1966 14-16.
288 1934 741 1976 Cassandr.s.44,11,2:

80 1979 215 2011 condita
232 1982 283 2011 est
304 1979 488 2017 (Cassandi
490 1981 541 2019 ea)
560 1990 581 2010 a
599 1959 743 2011 'Cassan-

82 2024 143 2055 dro
171 2035 251 2065 vege
280 2026 313 2054 fn
342 2026 425 2066 ipsis
452 2025 628 2066 fauci,bus
658 2036 741 2066 quae

82 2068 314 2100 Pallenensem
336 2080 459 2111 agrum
484 2073 615 2101 ceterae
633 2070 744 2101 Maee-

79 2113 200 2144 doniae
214 2115 368 2155 iungunt,
382 2115 400 2145 l1
406 2117 457 2146 inc
472 2114 654 2147 Toronaico
668 2116 744 2146 lzinc

82 2158 295 2191 Macedonico
313 2163 431 2202 saepta
443 2162 542 2199 nrm-27,
559 2161 626 2201 vgl.
643 2161 695 2197 28,
713 2160 743 2200 8,

84 2204 144 2241 143
162 2213 196 2234 es
214 2205 327 2235 wurde
345 2205 384 2235 da
402 2205 536 2244 erbaut,
560 2216 611 2237 wo
631 2204 745 2237 friiher

80 2248 236 2280 Potidaea
252 2249 358 2280 stand.
372 2267 415 2272 ——
426 2249 636 2291 Mendaeum,
650 2256 744 2282 sonst

79 2293 186 2325 heisst
208 2294 268 2325 der
284 2294 346 2325 Ort
364 2293 496 2326 Mendis
520 2296 570 2326 od.
589 2295 742 2335 Mendae,

81 2338 165 2370 Plin.
184 2339 215 2378 4,
238 2340 287 2379 10,
307 2339 359 2378 36,
378 2350 497 2371 wovon
516 2340 568 2371 die
585 2339 683 2372 Form
702 2351 742 2372 an

81 2394 113 2415 u.
132 2383 181 2415 St.
200 2383 292 2416 viell.
310 2383 464 2424 Adjeetiv
482 2385 543 2425 ist,
561 2386 628 2426 vgl.
647 2384 742 2417 i‘iuhn

81 2427 119 2466 2,
136 2428 212 2460 401.
229 2446 273 2452 —
289 2432 405 2461 marit.
426 2433 503 2471 υἷα,
521 2435 615 2462 sonst
632 2441 744 2473 enepo-

78 2474 181 2513 rz'um,
199 2474 264 2514 vgl.
280 2474 333 2517 28,
350 2475 380 2514 6,
401 2475 451 2507 12.
465 2494 509 2499 -
521 2477 653 2507 moenia
669 2481 744 2515 etc„

81 2527 146 2549 von
176 2517 395 2552 Cassandrea.
425 2539 469 2544 —
499 2521 614 2553 obruti
646 2540 666 2543 —
695 2521 745 2552 di-

817 1263 930 1302 spersi
949 1276 970 1286 =
992 1272 1066 1292 eum
1082 1272 1190 1304 prope
1219 1263 1336 1294 obruti
1362 1265 1483 1303 essent,

816 1306 972 1347 dispersi.
987 1325 1030 1328 —
1043 1311 1257 1341 armament„
1272 1318 1298 1339 5.
1314 1309 1367 1347 33,
1381 1308 1435 1348 48,
1451 1308 1480 1339 8.

817 1361 912 1382 omen
937 1362 981 1392 11.,
1013 1352 1102 1384 nicht
1132 1353 1231 1383 allein
1255 1363 1295 1384 an
1323 1354 1394 1384 sich
1422 1364 1483 1383 un-

817 1396 995 1437 glticklich,
1010 1398 1153 1428 sondern
1167 1399 1260 1429 auch.
1272 1417 1311 1421 —
1322 1400 1354 1429 in
1368 1409 1483 1439 unum,

819 1441 871 1481 28,
887 1441 917 1478 3,
933 1442 962 1472 9.
978 1461 1021 1463 -
1036 1445 1190 1484 regressi
1205 1454 1234 1474 n.
1250 1443 1337 1475 inde.
1349 1462 1394 1466 —
1406 1454 1481 1474 eum

817 1497 862 1517 111.
890 1497 933 1527 in,
957 1488 1014 1527 43,
1039 1488 1097 1521 21.
1121 1488 1146 1519 l.
1167 1507 1210 1511 —
1229 1488 1400 1529 Canastra,
1430 1489 1483 1519 die

820 1532 1049 1574 Siidostspitze
1074 1533 1133 1564 der
1156 1534 1351 1565 westlichen
1374 1533 1484 1565 Land-

819 1587 922 1617 zunge
936 1588 1000 1608 von
1016 1577 1214 1616 Chalcidice,
1228 1579 1373 1614 Pallene,
1389 1589 1415 1610 s.
1431 1579 1482 1619 44,

823 1622 877 1662 11,
904 1623 940 1653 3:
972 1624 1097 1654 eminet
1128 1625 1160 1654 in
1185 1624 1291 1655 altum
1316 1624 1435 1665 lingna
1463 1643 1482 1645 —

819 1667 958 1698 obversa
998 1669 1030 1698 in
1068 1670 1239 1709 regionem
1284 1668 1481 1710 Magnesiae

819 1711 949 1742 duobus
988 1714 1176 1755 imparibus
1219 1715 1480 1756 promunturiis,

818 1767 958 1797 quorum
988 1759 1113 1789 maiori
1134 1759 1313 1790 Posideum
1343 1761 1395 1789 est
1422 1769 1482 1789 no-

820 1812 910 1843 men,
936 1803 1062 1833 nn‘nori
1085 1802 1359 1835 Canaestraeum.
1377 1822 1419 1826 —-
1438 1803 1484 1834 ad

821 1846 901 1879 Can.
925 1849 1062 1884 traiee.,
1087 1858 1112 1879 5.
1133 1849 1192 1885 37,
1216 1849 1270 1885 13,
1292 1849 1323 1879 1:
1346 1848 1393 1879 ad
1408 1848 1483 1880 Δ1111-

818 1893 900 1923 erin.
925 1892 1071 1923 insulam
1096 1895 1246 1934 traiecit,
1270 1893 1313 1924 ib.
1339 1893 1359 1935 ξ
1384 1893 1415 1926 3.
1437 1911 1482 1916 —-

823 1935 991 1976 Toronae,
1015 1948 1042 1968 s.
1066 1939 1125 1975 45,
1155 1939 1212 1977 30,
1237 1939 1272 1969 4:
1292 1941 1417 1981 portas
1439 1938 1485 1969 ad

823 1981 987 2019 Toronen,
1011 1993 1036 2013 s.
1062 1993 1102 2013 zu
1120 1982 1140 2024 ξ
1162 1984 1212 2014 14.
1230 2003 1273 2006 -
1295 1985 1481 2026 navigant..

819 2037 879 2058 zur
902 2027 1271 2068 Veranschaulichung,
1302 2029 1365 2060 wie
1387 2033 1482 2060 sonst

819 2071 867 2103 oft
888 2073 1080 2114 profectus.
1099 2091 1143 2095 —
1160 2074 1337 2105 Acanthus
1359 2085 1399 2106 an
1422 2074 1482 2105 der

818 2117 1052 2149 Nordostseite
1066 2118 1124 2149 der
1138 2119 1261 2150 dritten
1270 2119 1481 2159 Landzunge,

818 2162 914 2194 Acte.
932 2181 974 2184 —
992 2164 1057 2194 iam
1075 2174 1126 2194 en.
1145 2166 1187 2204 et,
1206 2164 1254 2195 sie
1272 2174 1385 2195 waren
1402 2164 1480 2194 weit

818 2208 1009 2249 gekommen
1032 2209 1096 2239 und
1122 2208 1205 2240 dazu
1228 2219 1328 2247 usw.,
1357 2209 1425 2249 vgl.
1451 2220 1479 2239 c.

818 2253 878 2292 42,
897 2254 926 2283 5.
944 2271 988 2275 —
1007 2256 1099 2285 retro
1123 2265 1155 2285 11.
1182 2264 1227 2293 (κ,
1252 2265 1278 2285 5.
1299 2254 1356 2293 24,
1374 2254 1431 2294 20,
1451 2253 1480 2284 3.

817 2316 862 2320 -
876 2297 1039 2338 Pallenes,
1054 2309 1079 2329 s.
1101 2298 1154 2336 32,
1173 2300 1222 2337 13,
1241 2300 1296 2330 10:
1315 2298 1480 2340 Cynn'nes.

817 2361 862 2365 —
876 2342 1057 2383 Euboeam,
1077 2345 1158 2375 nach
1176 2344 1246 2374 dem
1260 2343 1354 2384 Folg.
1367 2343 1411 2374 ist
1429 2343 1480 2374 die

818 2387 1011 2419 Nordkiiste
1035 2389 1193 2429 gelneint,
1218 2399 1286 2419 was
1311 2366 1414 2419 domch
1437 2389 1485 2419 ibi

819 2444 880 2464 11111·
898 2433 1111 2464 unbestimmt
1128 2434 1325 2474 angcdeutet
1342 2434 1397 2465 ist.

864 2472 933 2510 45.
956 2479 1000 2509 1—
1009 2478 1038 2509 2.
1062 2456 1190 2511 Multae?
1194 2489 1243 2519 ,5
1258 2479 1311 2517 27,
1326 2479 1378 2518 30,
1394 2478 1423 2510 3.
1438 2496 1481 2501 —

819 2525 942 2555 1·”.αΐιο1ι
967 2523 1044 2556 belh
1060 2534 1136 2566 ger.
1131 2548 1155 2565 .,
1184 2504 1244 2555 den
1269 2502 1481 2565 Kriegsplan.
