1715 2723
108 191 134 208 a.
149 183 202 209 Ch.
217 183 277 209 198.
570 175 694 207 LIBER
712 175 855 209 XXXII.
882 175 974 208 CAP.
997 177 1049 210 17.

1434 180 1509 219 131

106 278 251 316 hostes.
292 289 383 315 nam
406 288 564 315 omnem
580 277 751 315 laborem
771 277 810 316 in
831 289 944 316 muro
967 278 1177 317 crediderat
1199 279 1387 319 diruendo
1407 279 1513 327 fore3
1542 288 1562 319 5

108 333 140 371 si
161 333 305 372 aditum
329 333 484 372 armatis
505 333 544 371 in
565 333 703 372 urbem
723 334 987 384 patefecisset,
1016 334 1144 384 fugam
1167 335 1256 374 inde
1277 337 1512 387 caedemque

104 389 277 428 hostium
299 389 394 436 fore,
419 389 539 441 qualis
561 389 680 440 captis
701 390 862 429 urbibus
879 390 960 428 fieri
974 390 1093 437 solet,
1116 395 1286 430 ceterum
1304 398 1512 443 postquam
1541 399 1562 431 6

103 450 212 496 parte
232 446 334 484 muri
355 445 537 484 arietibus
558 445 717 484 decussa
738 458 807 497 per
835 446 938 497 ipsas
966 446 1097 484 ruinas
1124 448 1447 487 transcenderunt
1474 448 1514 486 in

103 501 242 540 urbem
264 502 423 547 armati,
453 501 545 539 illud
566 502 799 552 principium
823 502 925 540 velut
944 501 1036 540 novi
1064 507 1176 552 atque
1205 503 1346 553 integri
1372 504 1512 542 laboris

103 558 187 596 fuit.
229 570 319 597 nam
340 557 586 604 Macedones,
610 557 675 608 qui
696 558 736 596 in
755 558 946 609 praesidio
968 564 1077 596 erant
1098 563 1135 596 et
1156 559 1268 597 multi
1296 564 1334 597 et
1365 560 1512 605 delecti,
1541 569 1560 600 7

103 614 263 665 gloriam
285 614 400 653 etiam
418 613 605 664 egregiam
622 614 704 660 rati,
721 614 752 652 si
774 614 890 652 armis
913 614 1041 664 potius
1058 619 1096 652 et
1112 614 1250 653 virtute
1268 627 1385 665 quam
1402 628 1513 654 moe—
1543 623 1563 655 8

102 670 218 709 nibus
247 670 385 709 urbem
411 675 634 716 tuerentur,
678 671 861 716 conferti,
890 670 1066 721 pluribus
1094 670 1286 709 introrsus
1313 670 1513 709 ordinibus

101 727 180 764 acie
201 726 370 773 firmata,
402 739 491 764 0001
512 727 787 765 transcendere
809 727 939 765 ruinas
962 726 1176 765 sensissent
1198 727 1414 773 Romanos,
1443 738 1513 777 per

99 781 329 833 impeditum
351 795 394 821 ac
415 782 609 821 difficilem
632 783 679 821 ad
700 787 900 834 receptum
922 782 1051 821 locum
1072 783 1315 834 expulerunt.
1357 782 1394 820 id
1417 794 1510 821 con—
1541 791 1561 822 9

100 837 160 877 sul
183 851 294 889 aegre
314 851 464 890 passus,
488 851 560 877 nec
581 851 664 877 eam
684 839 934 890 ignominiam
956 839 1003 878 ad
1020 839 1133 878 unius
1151 839 1268 877 modo
1285 849 1510 889 expugnan-
1545 861 1547 863 -

100 894 168 932 dae
191 907 342 933 moram
363 895 469 934 urbis
493 896 558 933 sed
581 896 627 933 ad
648 908 843 934 summam
865 895 1034 934 universi
1060 895 1148 933 belli
1175 895 1369 946 pertinere
1388 898 1509 941 ratus,

101 951 205 1001 quod
222 964 267 989 ex
285 951 494 989 momentis
511 964 717 1002 parvarum
733 952 963 1002 plerumque
980 963 1110 989 rerum
1128 952 1325 1002 penderet,
1346 955 1510 1001 purgato
1526 990 1530 994 ,

98 1006 205 1053 1000,
237 1007 301 1058 qui
324 1012 447 1057 strage
469 1007 645 1046 semiruti
667 1008 769 1047 muri
789 1008 1008 1046 cumulatus
1037 1013 1135 1053 erat,
1167 1012 1315 1045 turrem
1345 1006 1510 1057 ingentis
1541 1011 1582 1044 10

97 1063 310 1102 altitudinis
331 1075 510 1114 magnam
528 1064 604 1102 1101
622 1069 861 1103 armatorum
880 1063 1083 1114 multiplici
1099 1063 1270 1102 tabulato
1287 1066 1511 1113 portantem

95 1120 312 1170 promovit,
343 1124 381 1158 et
403 1120 582 1158 cohortes
603 1120 643 1158 in
665 1121 787 1159 vicem
808 1120 878 1159 sub
900 1120 1037 1170 signis,
1069 1132 1165 1169 quae
1197 1131 1364 1158 cuneum
1385 1117 1510 1156 Mace—
1542 1122 1581 1154 11

97 1175 245 1214 donum
268 1199 319 1201 —
341 1176 570 1226 phalangem
593 1176 664 1226 ipsi
686 1181 823 1215 vocant
843 1199 916 1222 —,
939 1176 970 1213 si
1006 1181 1187 1225 possent,
1216 1175 1250 1212 vi
1278 1186 1510 1225 perrumpe-

96 1237 197 1278 rent,
215 1232 427 1270 emittehat.
464 1232 530 1270 sed
548 1232 593 1270 ad
611 1233 683 1271 loci
700 1232 908 1283 angustias,
926 1231 1028 1270 haud
1048 1232 1119 1269 late
1136 1235 1293 1281 patente
1309 1229 1509 1269 intervallo
1541 1234 1581 1266 12

97 1287 216 1326 diruti
237 1288 358 1334 muri,
389 1299 509 1339 genus
539 1300 739 1338 armorum
768 1299 995 1340 pugnaeque
1024 1287 1129 1326 hosti
1156 1287 1282 1338 aptius
1309 1292 1400 1325 0131.
1441 1285 1509 1324 11111
1540 1291 1580 1322 13

96 1429 336 1462 Wirklichkeit
359 1430 419 1461 der
444 1429 578 1461 blossen
600 1430 767 1461 Annahme

97 1480 259 1516 entgegen
287 1475 424 1516 gestent
453 1474 552 1516 111111,
586 1476 677 1507 nicht
709 1486 769 1506 an-

94 1530 265 1562 gemessen
284 1530 366 1554 war,
398 1519 464 1560 vgl.
498 1520 547 1559 10,
578 1521 607 1559 3,
638 1521 671 1551 8:
705 1530 766 1563 po-

95 1567 230 1598 tuisset.
254 1584 296 1587 —
321 1566 354 1596 si
369 1584 388 1587 —
408 1564 485 1596 771(Ιο
508 1565 572 1596 wie
597 1567 665 1596 si—
683 1568 766 1605 tum,

95 1610 129 1650 6,
148 1611 200 1650 37,
222 1611 272 1647 10,
297 1611 377 1641 doch
404 1610 595 1641 bezeichnet
619 1610 695 1641 inde
712 1610 765 1640 1110

94 1656 166 1687 81011
190 1654 431 1686 entwickelnde
456 1654 575 1695 Folge,
606 1658 677 1685 tam
704 1655 765 1685 den

94 1700 305 1732 bestimmten
325 1699 471 1730 Moment
494 1700 551 1730 des
572 1699 765 1731 Eintretens

95 1745 283 1785 derselben,
308 1754 334 1775 8.
355 1745 386 1783 4,
410 1745 465 1783 47,
487 1744 523 1774 2:
548 1754 621 1775 eum
646 1763 666 1766 —
689 1743 767 1774 inde

95 1801 127 1821 u.
146 1800 175 1821 a.
195 1809 236 1812 ——
253 1790 341 1831 fore,
367 1789 418 1820 als
442 1788 531 1820 infin.
551 1788 610 1820 fut.
631 1800 671 1820 zu
689 1789 768 1831 fieri

96 1835 246 1876 gestellt,
265 1834 330 1875 vgl.
351 1845 378 1865 c.
395 1834 447 1875 26,
466 1834 496 1864 9.

142 1880 231 1911 6-8.
265 1881 415 1910 ceterum
439 1879 517 1919 geht
541 1877 600 1909 auf
619 1880 766 1910 atrocio-

95 1935 170 1957 rem
188 1924 323 1963 zuriick,
346 1934 371 1955 s.
393 1923 423 1963 S,
441 1926 471 1965 3,
491 1923 520 1955 8.
534 1942 579 1946 —
593 1926 694 1966 parte
710 1934 765 1964 7η.,

96 1980 124 2002 8.
142 1981 171 2001 c.
192 1970 244 2009 16,
267 1970 317 2000 11.
333 1987 377 1991 ——
394 1968 536 2000 decussa
560 1969 622 2007 ist,
648 1969 689 1999 da
707 1969 766 1999 der

98 2015 187 2045 aries
211 2014 263 2045 die
287 2018 406 2045 untern
431 2013 547 2045 Theile
573 2014 631 2045 der
648 2013 765 2044 Mauer

96 2058 194 2098 trifft,
213 2059 316 2089 nicht:
336 2069 400 2089 von
416 2059 498 2089 oben
511 2059 612 2090 herab
627 2057 766 2097 werfen,

99 2103 257 2135 sondern:
277 2103 334 2133 das
352 2102 593 2143 Herabsinken,
611 2104 672 2135 den
686 2103 766 2134 Ein-

98 2153 194 2180 sturz
211 2147 397 2185 bewirken,
422 2148 680 2189 niederwerfen,
698 2149 764 2189 vgl.

100 2192 152 2232 33,
181 2193 231 2233 17,
257 2192 293 2228 9ς
320 2192 372 2232 37,
399 2192 429 2232 6,
450 2193 477 2224 1.
495 2211 538 2216 —
553 2195 675 2225 71011ἰα.
694 2195 766 2232 int„

98 2238 166 2278 vgl.
183 2238 211 2273 5.
230 2238 261 2275 5,
280 2237 310 2269 6.
326 2255 366 2259 —
379 2238 526 2279 gloriam
545 2240 658 2280 etiam,
678 2238 767 2270 nicht.

99 2282 199 2314 allein
219 2282 290 2313 ihre
308 2281 425 2313 Pssicht
443 2293 483 2313 zu
501 2283 580 2313 thun
592 2308 599 2321 ,
624 2284 767 2314 sondern

101 2327 183 2359 auch
199 2338 231 2359 u.
249 2337 275 2358 s.
295 2337 336 2358 w.
355 2346 398 2349 —
416 2329 456 2367 si,
482 2328 547 2368 vgl.
566 2328 606 2359 ad
624 2328 767 2359 Herenn.

99 2376 132 2412 4,
150 2373 181 2412 4,
200 2372 234 2403 6;
251 2373 321 2403 nise?
334 2372 441 2413 forte,
460 2372 641 2413 se'f'abulas
654 2375 769 2404 trans-

100 2418 340 2460 scripsz'ssett's,
378 2418 566 2459 gloriosum
597 2420 769 2459 putaretis

102 2473 132 2493 u.
152 2472 181 2493 a.
205 2462 423 2503 —‘confe1·te‘
443 2463 506 2493 wie
530 2462 550 2503 ξ
578 2463 634 2500 13;
663 2463 715 2502 33,
739 2463 769 2502 8,

103 2507 155 2538 14.
169 2525 212 2530 -
225 2508 407 2546 introrsus,
427 2518 452 2538 s.
469 2507 522 2545 33,
537 2507 567 2547 8,
588 2508 635 2538 14.
651 2517 771 2550 —per

102 2553 180 2594 imp.
199 2556 273 2594 010,
291 2552 358 2592 vgl.
377 2552 431 2592 21,
451 2554 482 2593 0,
503 2550 549 2583 if.

148 2596 246 2628 9-10.
264 2607 337 2628 eam
353 2597 418 2638 (die
432 2597 535 2629 durch
548 2597 606 2629 das
621 2596 772 2629 Vorher-

840 1431 912 1471 geh.
932 1430 1100 1469 bedingte)
1118 1432 1260 1471 —pert.,
1283 1429 1350 1469 vgl.
1376 1427 1429 1466 26,
1454 1427 1508 1467 38,

839 1477 878 1507 4:
903 1475 948 1507 ad
966 1476 1084 1518 plures
1101 1474 1293 1517 ezcemplmu
1314 1483 1412 1515 quam
1429 1482 1509 1515 per-

838 1522 943 1552 nicies
973 1519 1185 1563 pertt'uebat3
1221 1529 1295 1549 zum
1329 1517 1509 1549 Gedankeu

839 1566 906 1605 vgl.
927 1567 956 1606 5,
983 1566 1013 1605 6,
1038 1563 1086 1595 6ἲ.
1108 1583 1147 1586 -
1167 1574 1338 1594 summam
1360 1563 1447 1593 univ.
1467 1563 1508 1601 b.,

839 1611 891 1641 die
914 1609 1161 1649 Entscheidung
1183 1609 1240 1639 des
1264 1606 1387 1647 liriegs
1411 1607 1510 1638 iiber-

838 1656 956 1696 haupt,
980 1655 1033 1693 31,
1060 1654 1111 1695 37,
1136 1656 1165 1684 5.
1189 1671 1233 1675 —
1255 1652 1357 1694 quod,
1382 1651 1509 1683 Prono-

839 1710 923 1739 men,
942 1699 1000 1731 auf
1013 1700 1102 1730 unii).
1122 1697 1213 1738 belli,
1231 1698 1337 1737 nicht,
1355 1697 1418 1727 wie
1435 1706 1507 1727 man

840 1750 1007 1776 (ῆι-1131100
1031 1743 1147 1783 sollte,
1178 1741 1237 1773 auf
1256 1752 1390 1773 summa
1407 1741 1508 1772 bezo-

839 1800 911 1830 geq,
940 1790 1008 1830 151.
1033 1799 1060 1819 0.
1090 1787 1140 1825 16,
1168 1787 1222 1825 12;
1254 1786 1307 1826 31,
1336 1787 1385 1823 14,
1413 1786 1452 1822 53
1479 1787 1509 1825 4,

840 1834 893 1871 58,
911 1835 950 1871 43
968 1834 1022 1875 22,
1040 1834 1093 1870 50,
1115 1831 1165 1862 12.
1180 1850 1224 1854 -—
1236 1832 1417 1862 ‘momentis
1433 1834 1509 1869 ete„

838 1880 906 1919 vgl.
927 1879 981 1919 27,
1006 1880 1036 1915 9,
1061 1878 1093 1909 1:
1118 1887 1164 1907 ew
1178 1878 1299 1919 paruis
1318 1886 1418 1918 saepe
1434 1885 1509 1905 ma—

835 1934 986 1965 gnaram
1009 1924 1180 1955 momenta
1203 1931 1320 1953 rerum
1341 1919 1506 1963 pendent;

839 1969 884 2000 ib.
903 1969 956 2007 45,
982 1970 1000 1999 5
1026 1980 1057 1999 u.
1077 1977 1105 1998 a.
1129 1984 1172 1988 —
1191 1965 1349 2008 multe'pl„
1372 1964 1509 1996 starker

839 2014 888 2045 als
917 2013 1121 2051 multorum,
1156 2010 1302 2042 vielfach
1333 2010 1426 2041 mehr
1458 2010 1509 2039 als

839 2059 1066 2100 gewohnlich3
1097 2066 1158 2087 zur
1187 2055 1291 2087 sache
1317 2066 1343 2086 8.
1371 2055 1424 2094 21,
1457 2054 1508 2092 11,

840 2105 879 2143 73
905 2104 957 2141 28,
983 2106 1014 2143 6,
1039 2103 1077 2139 23
1102 2100 1208 2142 Marq.
1235 2101 1267 2140 3,
1291 2101 1320 2140 2,
1345 2097 1441 2130 47Sf.
1466 2117 1509 2120 --

839 2150 901 2180 sab
925 2150 989 2190 sig.
1016 2148 1108 2179 nicht
1132 2146 1181 2177 als
1206 2146 1247 2177 ob
1271 2145 1322 2176 die
1345 2147 1425 2175 ro'm.
1445 2142 1508 2173 Co-

840 2195 958 2225 horten
993 2194 1043 2225 als
1078 2191 1190 2224 solche
1222 2190 1356 2221 Fahnen
1387 2188 1509 2229 gehabt

840 2239 965 2280 hatten,
985 2249 1010 2269 s.
1027 2238 1080 2277 27,
1100 2237 1149 2275 12,
1167 2235 1226 2273 173
1246 2235 1288 2266 ib.
1308 2235 1357 2273 13,
1378 2235 1412 2271 ῖς
1431 2243 1509 2264 800-

841 2285 922 2315 11010
940 2284 973 2314 111
992 2280 1308 2319 Schlachtordnung,
1333 2283 1430 2309 unter
1447 2278 1508 2308 den

842 2329 987 2365 Fahnen,
1010 2328 1136 2359 welche
1162 2326 1213 2357 die
1238 2327 1256 2355 3
1276 2323 1418 2364 Manipel
1435 2323 1509 2353 hat-

840 2378 913 2412 ten,
937 2384 996 2404 aus
1021 2374 1124 2404 denen
1151 2371 1264 2412 spater
1289 2368 1341 2399 die
1365 2368 1509 2398 Cohorte

842 2419 990 2450 bestand.

891 2463 1020 2494 11-14.
1054 2471 1212 2501 cuneum,
1239 2470 1263 2489 8.
1287 2459 1316 2491 7,
1341 2457 1395 2496 24,
1419 2457 1449 2487 7.
1467 2474 1512 2478 —

840 2508 1046 2551 phalangem
1077 2508 1143 2549 ipsi
1166 2516 1203 2539 ιη,
1235 2514 1259 2534 s,
1284 2503 1337 2542 31,
1368 2502 1420 2538 39,
1452 2501 1510 2539 103

843 2553 895 2585 die
926 2553 1092 2588 Phalanx,
1128 2561 1154 2581 s.
1185 2549 1239 2587 33,
1268 2549 1298 2587 4,
1326 2548 1357 2585 4,
1387 2546 1510 2577 konnte

846 2598 930 2629 auch
971 2608 1029 2628 aus
1071 2595 1242 2627 kleineren
1262 2591 1507 2631 Abtheiluugen

1200 2650 1248 2681 9*
