1715 2723
55 120 80 138 a.
97 112 150 137 Ch.
165 112 224 136 195.
466 101 590 135 LIBER
607 101 768 135 XXXIV.
795 101 888 136 CAP.
908 103 959 136 30.
981 103 1034 136 31.

1371 106 1451 146 315

52 206 284 258 oppidorum
312 203 528 244 maritimae
558 217 647 244 orae
673 202 905 244 conterritus
932 210 1028 247 erat.
1058 207 1112 245 sic
1138 218 1252 258 parva
1273 220 1339 259 spe
1361 219 1450 246 cum
1479 215 1499 246 2

50 263 303 313 acquievisset
324 261 470 312 Gytheo
492 261 538 300 ab
560 261 638 300 suis
659 266 831 307 retento,
858 266 1064 313 postquam
1093 263 1130 301 id
1154 276 1309 315 quoque
1329 264 1451 302 tradi-

48 323 134 357 tum
151 318 335 357 Romanis
351 317 494 356 audivit
510 330 592 356 esse
615 324 658 363 et,
681 330 769 356 cum
786 317 832 355 ah
849 322 950 356 terra
968 319 1147 357 omnihus
1165 319 1264 358 circa
1285 340 1303 359 *
1324 320 1450 358 hosti—

48 374 120 413 bus
141 374 237 412 nihil
258 375 338 425 spei
359 378 478 419 esset,
501 386 520 411 a
542 373 639 412 mari
661 386 813 424 quoque
833 378 916 411 toto
945 386 985 412 se
1007 374 1278 421 interclusum,
1307 377 1449 415 ceden-
1479 385 1498 416 3

46 431 140 469 dum
168 431 347 469 fortunae
375 435 495 476 ratus,
523 429 813 468 caduceatorem
842 429 1014 480 primum
1044 431 1083 468 in
1118 436 1242 469 castra
1278 433 1381 470 misit
1402 432 1448 471 ad

46 487 338 538 explorandum,
361 487 393 525 si
414 491 637 537 paterentur
656 486 801 536 legatos
823 486 868 524 ad
890 498 929 524 se
953 486 1064 524 mitti.
1097 499 1169 537 qua
1188 487 1392 538 impetrata
1409 501 1449 527 re
1477 497 1498 527 4

47 543 282 594 Pythagoras
303 543 348 581 ad
365 543 636 593 imperatorem
656 542 757 580 venit
773 542 886 580 nullis
903 555 989 580 cum
1008 542 1088 581 aliis
1106 543 1310 589 mandatis,
1333 556 1447 594 quam

46 604 90 637 ut
116 604 278 650 tyranno
309 598 477 649 colloqui
508 610 596 636 cum
625 598 855 649 imperatore
883 598 1025 637 liceret.
1075 599 1236 638 consilio
1265 600 1447 639 advocato
1479 608 1497 639 5

45 667 133 693 culn
157 667 293 693 omnes
315 655 483 693 dandum
506 654 739 704 colloquium
763 654 1021 701 censuissent,
1045 655 1125 693 dies
1147 657 1331 705 locusque
1353 667 1447 694 con-

45 711 228 749 stituitur.
265 711 304 748 in
326 711 472 749 mediae
492 710 657 761 regionis
677 710 850 749 tumulos
874 711 1033 749 modicis
1055 711 1174 762 copiis
1196 712 1448 762 sequentibus
1478 720 1497 752 6

43 779 132 806 cum
153 767 366 813 venissent,
389 767 528 806 relictis
549 767 600 805 ibi
621 767 659 805 in
681 767 842 805 statione
866 772 1069 818 conspecta
1089 768 1284 818 utrimque
1306 768 1448 806 cohor-

43 824 146 862 tibus
176 823 291 862 Nahis
322 836 410 862 cum
443 823 596 861 delectis
627 823 854 862 custodibus
892 824 1085 874 corporis,
1123 824 1326 869 Quinctius
1357 837 1446 862 cum
1478 831 1495 861 7

42 880 159 918 fratre
180 885 217 917 et
233 880 407 918 Eumene
427 892 515 930 rege
537 884 575 918 et
596 879 720 918 Sosila
741 879 892 918 Rhodio
915 885 952 918 et
968 880 1182 926 Aristaeno,
1204 880 1446 919 Achaeorum

43 941 232 986 praetore,
253 936 495 986 tribunisque
512 935 676 974 militum
696 935 826 986 paucis
844 936 1053 974 descendit.
1086 936 1141 974 lbi
1158 937 1359 987 permisso,
1381 937 1445 986 [ut]
1473 936 1523 976 31

41 1004 110 1031 seu
132 992 257 1030 dicere
279 992 386 1042 prius
407 1004 475 1030 seu
496 992 627 1030 audire
650 992 790 1037 mallet,
813 992 863 1030 ita
886 993 1010 1043 coepit
1031 998 1237 1043 tyrannus:

157 1048 225 1093 „Si
247 1048 327 1098 ipse
347 1061 415 1099 per
436 1060 509 1093 me,
533 1048 575 1085 T.
594 1047 748 1093 Quincti
771 1061 914 1098 vosque
938 1049 1000 1098 qui
1024 1049 1176 1094 adestis,
1200 1061 1356 1087 causam
1379 1061 1446 1086 ex-

41 1103 219 1154 cogitare,
244 1116 311 1142 cur
331 1103 425 1142 mihi
447 1109 512 1142 aut
533 1103 766 1142 indixissetis
788 1104 931 1142 bellum
954 1110 1019 1142 aut
1040 1105 1252 1151 inferretis,
1276 1117 1444 1155 possem,

38 1159 179 1199 tacitus
200 1165 383 1198 eventum
404 1160 582 1198 fortunae
605 1172 712 1198 meae
735 1166 1015 1210 expectassem,
1037 1172 1141 1199 nunc
1158 1161 1345 1211 imperare
1362 1161 1445 1199 ani-

40 1229 104 1254 mo
118 1215 284 1266 nequivi,
297 1215 402 1266 quin,
418 1215 643 1266 priusquam
653 1216 834 1267 perirem,
848 1229 916 1254 cur
929 1217 1124 1267 periturus
1139 1229 1275 1263 essem,
1294 1217 1445 1255 scirem.

1476 1167 1492 1197 [ὑ

39 1348 287 1389 schwerf'allige
312 1348 468 1389 Perinde,
498 1350 565 1390 vgl.
593 1350 623 1389 7,
655 1349 707 1391 23,

41 1396 79 1432 ὅ,
110 1394 163 1434 28,
193 1394 245 1433 37,
280 1393 354 1432 lff.;
384 1394 438 1433 43,
475 1394 525 1435 18,
563 1394 630 1433 1ff.‚
664 1394 708 1426 ist

39 1439 317 1470 wahrscheinlich
364 1440 447 1469 auch
493 1440 597 1471 durch
639 1439 707 1470 Ab-

39 1484 210 1516 schreiber
262 1484 458 1515 verdorben.
527 1484 706 1516 Entweder

41 1530 163 1560 konnte
181 1531 227 1560 sic
245 1548 265 1551 —
283 1531 412 1560 retento
430 1528 597 1560 Nachsatz
616 1529 705 1560 sein:

38 1577 88 1606 Sic
110 1593 132 1596 —
156 1576 285 1605 retento
308 1593 328 1595 —
350 1575 525 1615 acquievit,
549 1574 705 1604 wiihrend

41 1630 77 1650 es
114 1618 200 1659 jetzt
238 1618 363 1649 wieder
399 1618 605 1650 Vordersatz
644 1619 707 1649 und

38 1664 144 1695 durch
153 1666 332 1706 postquam
346 1668 406 1694 etc.
425 1664 526 1694 niiher
540 1663 708 1695 bestimmt

42 1709 95 1750 ist,
121 1710 201 1740 oder
216 1712 393 1751 postquam
414 1708 444 1739 in
461 1709 521 1739 deu
540 1708 707 1740 Nachsatz

40 1758 150 1786 treten
174 1754 237 1785 und
258 1764 366 1796 part-a
387 1772 409 1775 —
432 1756 561 1785 retento
585 1754 618 1784 in
636 1754 708 1784 sich

42 1797 250 1831 aufnehmen:
270 1801 317 1830 sic
330 1801 518 1841 postquam,
539 1798 707 1841 Gytlzium,

42 1854 104 1885 quo
128 1846 258 1876 retento
275 1863 296 1866 —
313 1845 525 1885 acquieverat
541 1863 563 1866 -
579 1844 708 1875 audivit

43 1901 127 1921 esse.
160 1889 271 1920 Durch
289 1889 345 1920 das
365 1894 555 1929 zugesetzte
572 1892 604 1920 et
622 1889 707 1920 wird

40 1945 63 1965 a
84 1936 177 1965 mari
196 1953 216 1956 —
239 1934 459 1965 interclusum
494 1945 558 1965 von
580 1933 708 1965 audivit

43 1979 225 2019 abhiingig,
262 1979 420 2009 xviihrend
448 1989 520 2009 man
550 1980 628 2010 eher
656 1979 708 2010 die

42 2023 270 2063 Bezeichnung
287 2024 378 2054 einer
392 2023 554 2064 geistigen
569 2023 709 2063 Th'a'tig-

44 2069 113 2099 keit
131 2069 186 2100 des
204 2068 306 2099 Nabis
324 2073 495 2099 erwartet.
528 2068 621 2099 Auch
638 2079 708 2100 om-

42 2114 142 2144 nibus
171 2123 198 2144 c.
227 2114 313 2144 host.
342 2113 433 2144 wiire
462 2114 539 2145 sehr
565 2114 641 2144 hart
674 2114 706 2144 in

43 2159 115 2189 dem
146 2158 259 2189 sione:
289 2158 376 2199 quod
403 2168 516 2189 omnes
545 2169 571 2190 c.
595 2159 707 2190 hostes

44 2206 142 2235 erant
165 2207 298 2243 gesagt,
327 2203 391 2234 und
414 2203 474 2242 ist,
500 2204 537 2234 da
556 2204 706 2235 {ihnliche

45 2248 179 2288 Stellen,
210 2259 234 2279 5.
260 2249 290 2286 2,
314 2250 343 2283 9,
369 2248 404 2281 o:
436 2249 466 2285 5,
493 2249 546 2287 34,
565 2250 595 2287 9,
620 2249 707 2280 nicht

46 2293 172 2324 minder
212 2292 417 2324 zwcifelhaft
459 2293 546 2334 sind,
598 2294 708 2325 wahr—

46 2338 225 2369 scheinlich
238 2338 397 2369 liickcnha
404 2337 438 2369 ft.
449 2338 627 2370 Vielleicht
635 2340 708 2370 hat-

46 2387 78 2414 te
99 2382 134 2414 L.
149 2394 232 2422 csse,
253 2394 328 2414 cum
345 2402 365 2405 —
384 2384 536 2415 omnibus
556 2394 581 2414 c.
597 2385 709 2415 obses-

46 2429 95 2459 sis
108 2429 149 2459 ab
162 2429 314 2459 hostibus
328 2429 421 2467 (uach
437 2428 589 2460 XVleliu
604 2430 709 2460 hoste·-

47 2483 101 2503 ατη
118 2473 250 2517 plenis),
274 2474 358 2505 daun
375 2484 395 2504 a
411 2476 503 2505 mari
514 2494 533 2497 -
547 2475 707 2506 interclu-

46 2528 122 2549 sum
135 2529 284 2560 cernam,
300 2518 481 2551 cedendum
500 2520 551 2551 od.
571 2520 603 2550 in
616 2519 708 2551 einer

780 1350 952 1381 {ilinlichen
997 1349 1174 1390 VVendung
1218 1350 1444 1390 geschrieben.

779 1413 822 1417 —
836 1397 997 1437 primum,
1022 1400 1105 1426 statt
1123 1395 1241 1426 deinde
1258 1394 1356 1436 folgt:
1381 1406 1446 1437 qua

779 1442 973 1482 impetrata.
1002 1459 1043 1462 —
1070 1443 1253 1482 paterent„
1282 1441 1341 1472 der
1364 1443 1444 1472 r'dm.

780 1485 942 1517 Feldherr
965 1486 1029 1517 und
1054 1486 1144 1517 seine
1173 1485 1372 1526 Umgebung.
1402 1504 1445 1509 —-

779 1540 852 1561 cum
882 1530 924 1562 al.
954 1530 1078 1569 mand,
1109 1531 1161 1567 39,
1181 1531 1233 1570 33,
1255 1531 1288 1566 ῖς
1313 1532 1343 1569 4,
1363 1531 1394 1569 9,
1413 1530 1443 1562 S.

779 1593 821 1597 —
845 1575 991 1616 consilio,
1020 1573 1231 1615 Rrivgsrath,
1258 1575 1347 1607 nicht
1369 1586 1445 1606 con-

779 1619 863 1650 cilio.
888 1638 931 1642 —
954 1620 1097 1655 mediae,
1131 1620 1296 1651 zwischen
1325 1620 1444 1661 Sparta

779 1665 842 1695 und
860 1665 930 1695 dem
949 1667 1028 1696 r'om.
1049 1664 1168 1705 Lager,
1193 1665 1243 1701 32,
1268 1665 1316 1705 12,
1337 1666 1372 1703 13
1392 1666 1444 1707 25,

781 1709 832 1745 23,
870 1710 918 1740 10.
953 1728 994 1732 —-
1025 1710 1198 1748 colzortz'b„
1231 1709 1446 1752 Truppeuab-

777 1755 988 1795 theilungen,
1028 1754 1144 1796 Corps.
1177 1773 1214 1777 —
1252 1757 1376 1795 Arist„
1416 1766 1443 1787 c.

780 1799 832 1835 24,
855 1800 881 1829 l.

826 1839 894 1877 31·
931 1844 1015 1875 1-2.
1056 1844 1222 1885 Eingang:
1252 1844 1304 1875 die
1322 1844 1446 1886 Haupt—

780 1891 877 1921 sache
906 1889 991 1920 wird
1016 1888 1035 1930 ξ
1060 1890 1077 1920 5
1102 1901 1132 1920 u.
1162 1890 1199 1920 19
1223 1890 1304 1921 kurz
1328 1900 1445 1931 ausge-

780 1935 952 1975 sprochen.
968 1952 1008 1956 ——
1028 1936 1098 1977 ipse
1113 1945 1146 1977 p.
1166 1945 1218 1965 me
1236 1939 1309 1975 etc,
1327 1935 1393 1975 vgl.
1413 1936 1444 1974 5,

780 1980 811 2017 4,
836 1980 866 2010 2.
893 1998 935 2001 -—
958 1980 1127 2022 imperare
1150 1979 1262 2010 deutet
1285 1990 1343 2018 an,
1367 1980 1442 2011 dass

781 2025 831 2055 dic
848 2024 1001 2064 Neigung
1024 2025 1063 2055 da
1086 2034 1240 2064 gewesen
1263 2025 1327 2055 und
1354 2025 1444 2055 nicht

781 2069 1057 2110 zuriickgehalten
1096 2070 1232 2101 worden
1270 2070 1337 2109 sci,
1378 2069 1443 2101 fast

778 2115 885 2154 gleich
913 2116 1083 2146 continere
1111 2125 1179 2155 me,
1209 2126 1244 2146 so
1275 2115 1370 2153 dass,
1403 2115 1444 2146 da

777 2160 1110 2201 uequz'rz‘hinzutritt,
1126 2161 1202 2201 qula
1217 2159 1325 2199 fulgen
1341 2160 1443 2190 konn-

777 2209 821 2245 te,
851 2205 917 2244 vgl.
941 2205 994 2241 40,
1026 2205 1078 2245 26,
1108 2206 1143 2234 o':
1172 2215 1235 2236 non
1256 2206 1443 2246 potuerunt

778 2251 948 2281 sustinere
970 2260 1185 2289 consensum,
1209 2251 1285 2291 quin
1305 2254 1385 2289 etc.;
1412 2251 1440 2287 5,

779 2295 832 2334 42,
858 2296 891 2325 ῖε
915 2305 977 2326 nou
1001 2296 1191 2337 sleoeoruut,
1215 2296 1309 2336 quim
1335 2295 1367 2334 4,
1387 2294 1441 2333 44,

779 2339 814 2379 23
834 2341 863 2379 3,
883 2340 934 2380 71,
953 2340 971 2371 S
989 2351 1019 2371 u.
1035 2351 1077 2377 a,
1096 2340 1295 2380 wcnigstens
1314 2339 1357 2370 ist
1371 2339 1442 2370 die-

780 2394 832 2416 ses
851 2385 1176 2423 wahrscheiulichor,
1199 2385 1248 2415 als
1269 2385 1344 2415 dass
1362 2385 1441 2426 quin

780 2440 841 2460 nur
857 2440 896 2461 an
914 2441 1038 2471 nequeo
1057 2430 1126 2461 sich
1143 2429 1356 2470 anscffliesse,
1379 2429 1440 2460 wie

779 2485 842 2506 nou
858 2485 1014 2517 possum,
1044 2477 1134 2516 quia.
1151 2493 1195 2497 —
1211 2476 1359 2516 nequivi,
1389 2474 1442 2505 die

780 2519 900 2551 Lesart
924 2521 982 2551 dcr
1007 2520 1081 2551 Hss.
1110 2530 1235 2561 nequeo
1259 2520 1350 2551 ware
1372 2520 1444 2551 hier
