1715 2723
82 109 107 126 ει.
129 100 179 127 Ch.
199 100 259 126 189.

474 101 599 134 LIBER
626 101 819 135 XXXVIII.
855 101 946 134 CAP.
972 103 1025 135 26.
1053 103 1107 134 27.

1416 99 1500 140 315

82 205 234 243 minum
266 204 411 242 cladem
436 217 507 255 pro
531 217 600 243 sua
622 205 824 244 ducebant.
864 205 991 255 itaque
1012 217 1032 242 a
1053 203 1210 254 paribus
1232 202 1347 241 initiis
1370 208 1503 252 coepta

81 273 144 299 res
165 260 335 298 eundem
357 261 501 300 exitum
522 261 665 300 habuit..
712 262 813 300 velut
835 261 959 299 nubes
981 260 1123 299 levium
1147 261 1313 298 telorum
1333 258 1503 297 coniecta
1524 276 1541 306 7

80 316 211 355 obruit
232 317 352 355 aciem
374 317 584 356 Gallorum.
622 329 694 356 nec
713 324 777 356 aut
799 329 1031 368 procurrere
1055 317 1259 367 quisquam
1282 314 1328 353 ab
1353 314 1501 353 ordini-

78 372 151 412 bus
174 373 265 421 suis,
288 385 335 411 ne
359 374 552 412 nudarent
574 374 746 424 undique
771 386 913 424 corpus
935 373 981 411 ad
993 373 1104 418 ictus,
1124 371 1327 418 audebant,
1347 377 1383 409 et
1394 376 1500 410 stan-

78 434 147 475 tes,
179 441 257 479 quo
282 429 481 468 densiores
503 436 621 475 erant,
654 430 727 467 hoc
755 430 877 480 plura,
900 430 1002 468 velut
1024 429 1256 467 destinatum
1271 427 1501 478 petentibus,

79 486 239 524 vulnera
259 485 508 535 accipiebant.
542 486 679 523 consul
699 486 776 523 iam
799 498 868 535 per
889 498 929 524 se
953 485 1113 524 turbatis
1135 484 1167 523 si
1188 484 1501 535 legionumsigna
1520 498 1539 530 8

77 542 319 588 ostendisset,
341 554 524 580 versuros
546 542 738 591 extemplo
764 542 803 579 in
826 543 958 592 fugam
981 541 1108 579 omnis
1132 546 1237 579 ratus
1258 540 1421 590 receptis
1436 540 1500 578 in-

77 604 134 636 ter
175 598 330 636 ordines
372 598 545 636 velitibus
575 603 611 635 et
636 597 705 635 alia
735 597 847 636 turba
878 598 1111 635 auxiliorum
1145 597 1265 635 aciem
1295 596 1500 646 promovit.

77 654 172 693 Galli
214 661 250 692 et
281 654 466 692 memoria
498 653 864 704 Tolostobogiorum
897 653 1012 691 cladis
1044 653 1164 691 territi
1195 659 1230 691 et
1259 652 1497 691 inhaerentia
1517 660 1575 699 27

76 710 308 760 corporibus
333 716 508 760 gerentes
529 710 601 748 tela
625 710 793 760 fessique
816 716 851 748 et
872 709 1010 748 stando
1036 716 1071 747 et
1094 709 1320 747 vulneribus
1342 721 1390 747 ne
1413 709 1495 758 pri-

76 778 183 803 mum
206 765 363 815 quidem
384 766 572 816 impetum
597 772 633 804 et
655 767 864 804 clamorem
886 767 1156 805 Romanorum
1180 765 1363 803 tulerunt.
1407 767 1498 815 fuga
1517 775 1535 806 2

76 821 123 860 ad
153 829 275 860 castra
305 822 522 868 inclinavit;
556 823 623 861 sed
653 823 765 873 pauci
793 823 893 861 intra
926 822 1167 860 munimenta
1190 834 1272 860 sese
1295 833 1496 871 recepere3

74 890 163 928 pars
191 878 312 916 maior
343 879 474 917 dextra
494 879 678 928 laevaque
700 879 866 929 praelati,
897 891 972 929 qua
995 890 1192 929 quemque
1212 877 1379 927 impetus
1401 877 1495 923 tulit,

72 936 266 985 fugerunt.
289 935 452 973 victores
477 948 601 985 usque
623 936 669 973 ad
693 943 813 974 castra
829 936 948 974 secuti
970 935 1328 984 cecitleruntterga;
1353 933 1491 972 deinde
1513 943 1531 975 3

72 991 113 1028 in
134 991 266 1029 castris
291 991 494 1041 cupiditate
517 992 678 1041 praedae
696 993 913 1037 haeserunt,
935 1004 1005 1029 nec
1025 990 1260 1041 sequebatur
1273 991 1491 1040 quisquam.

70 1047 110 1085 in
133 1047 317 1086 cornibus
339 1047 432 1086 Galli
451 1048 594 1086 diutius
619 1054 816 1095 steterunt,
847 1048 936 1098 quia
957 1048 1079 1086 serius
1103 1047 1148 1085 ad
1170 1060 1235 1085 eos
1258 1054 1490 1096 perventum
1513 1053 1532 1083 4

74 1108 151 1149 est;
194 1110 364 1142 ceterum
395 1116 443 1142 ne
471 1105 642 1154 primum
674 1105 830 1155 quidem
863 1104 1081 1142 coniectum
1113 1103 1279 1141 telorum
1311 1104 1494 1141 tulerunt.

72 1160 211 1198 consul
237 1160 325 1210 quia
345 1161 541 1211 ingressos
564 1161 603 1199 in
624 1166 746 1199 castra
770 1161 815 1198 ab
840 1160 1055 1211 direptione
1075 1159 1297 1198 abstrahere
1319 1165 1398 1197 non'
1420 1171 1493 1209 po-
1517 1170 1535 1200 5

76 1221 182 1262 terat,
204 1229 282 1262 eos,
308 1217 374 1266 qui
396 1218 435 1255 in
460 1217 645 1255 cornibus
668 1219 832 1263 fuerant,
861 1217 1039 1267 protinus
1063 1217 1109 1254 ad
1131 1215 1354 1265 sequendos
1376 1215 1496 1254 hostis

76 1273 187 1311 misit.

237 1285 307 1322 per
328 1273 568 1323 aliquantum
592 1274 757 1323 spatium
782 1274 902 1312 secuti
924 1285 1005 1311 non
1026 1273 1112 1322 plus
1137 1279 1266 1310 tamen
1287 1278 1374 1310 octo
1397 1272 1498 1310 milia
1519 1280 1538 1311 6

74 1329 278 1366 hominum
301 1329 341 1366 in
366 1331 455 1379 fuga
476 1352 530 1356 ——
553 1341 642 1367 nam
664 1342 793 1380 pugna
817 1330 920 1367 nulla
940 1330 1077 1367 fuit—
1093 1328 1336 1373 ceciderunt;
1359 1328 1497 1379 reliqui

65 1483 129 1512 pro
159 1490 197 1494 —
225 1475 340 1514 demea,
364 1474 418 1512 36,
446 1475 499 1513 44,
528 1475 567 1514 93
598 1474 666 1514 vgl.
695 1475 750 1510 22,

71 1520 134 1559 60,
170 1519 230 1560 12,
265 1518 328 1550 wie
361 1520 472 1550 habere
499 1530 571 1558 pro.
605 1537 642 1540 —
667 1521 753 1560 quis-

71 1575 168 1604 quam
194 1582 235 1587 —
261 1566 427 1603 audebant,
452 1564 516 1596 wie
540 1576 627 1597 nemo
646 1566 676 1604 4,
697 1567 750 1603 35,

71 1611 108 1647 93
137 1611 167 1649 5,
196 1611 250 1649 39,
277 1611 316 1650 43
343 1611 396 1649 24,
425 1611 486 1649 20,
517 1612 575 1650 14,
602 1610 669 1651 vgl.
697 1611 750 1647 35,

71 1656 133 1696 26,
173 1656 204 1688 9.
246 1675 282 1679 -
316 1662 344 1688 et
375 1661 469 1688 stant.
512 1655 557 1686 ist
596 1666 657 1686 nur
697 1654 756 1686 auf

68 1711 123 1732 nec
170 1700 335 1741 bezogen,
385 1701 544 1732 wfihrend
597 1707 654 1733 aut
700 1700 752 1732 ein

69 1745 205 1777 zweites
241 1753 313 1785 aut,
358 1750 446 1778 etwa
484 1753 539 1778 aut
571 1749 649 1779 sacis
683 1748 754 1778 tecti

70 1791 161 1830 (tuto)
185 1798 268 1823 stare
288 1798 448 1831 poterant,
482 1794 569 1833 quod
602 1803 662 1833 quo
698 1801 752 1823 er-

70 1840 198 1868 warten
223 1837 318 1877 liisst,
344 1848 369 1868 s.
393 1848 433 1868 zu
458 1839 497 1876 2,
529 1839 590 1877 24,
619 1840 656 1876 5,
683 1837 751 1877 vgl.

70 1883 124 1922 28,
155 1884 205 1921 14,
235 1884 284 1916 19.
321 1901 362 1904 —
398 1886 560 1921 destz'nat.,
596 1883 750 1914 substan-

66 1927 202 1959 tivirtes
241 1927 421 1969 Particip.,
464 1940 489 1960 s.
536 1930 572 1968 1,
617 1930 669 1965 27,
712 1929 749 1960 9:

69 1973 221 2013 ongleich
245 1973 292 2005 sie
325 1973 386 2005 auf
421 1974 478 2005 das
509 1973 749 2006 Gerathewohl

66 2019 232 2058 sohossen,
261 2029 333 2050 war
357 2029 391 2050 es
419 2020 503 2050 doeh
532 2030 567 2050 so
594 2023 674 2059 gut,
700 2019 749 2050 als

70 2063 110 2093 ob
149 2063 196 2095 sie
234 2063 284 2095 ein
322 2064 481 2105 gewisses
519 2064 592 2096 Ziel
634 2064 749 2096 hatten

68 2108 187 2140 treffen
212 2109 344 2149 wollen,
375 2110 441 2150 vgl.
469 2121 496 2143 c.
520 2111 573 2149 29,
595 2112 632 2148 73
659 2109 750 2141 Curt.

70 2156 107 2192 7,
147 2155 209 2192 24,
253 2156 313 2187 41:
363 2162 444 2187 certo
487 2158 553 2187 ictu
594 2157 750 2187 destinata

56 2201 213 2240 feriebat.
239 2217 281 2222 —
303 2207 417 2239 petent.
444 2212 473 2232 n.
498 2202 648 2239 hostibus,
679 2210 749 2231 was

68 2244 140 2276 hier
164 2244 256 2275 nicht
281 2246 364 2277 ohne
383 2245 485 2277 Hal-te
511 2245 607 2286 fehlt,
632 2246 698 2287 vgl.
719 2256 747 2278 c.

71 2291 120 2329 15,
164 2291 202 2331 23
246 2293 277 2329 4,
320 2293 374 2330 60,
421 2293 456 2331 1,
497 2293 563 2331 42,
610 2293 667 2331 16,
711 2293 747 2324 7:

63 2337 301 2368 admittentibus
333 2340 497 2370 neminem.
543 2354 579 2359 ·-
609 2348 671 2376 per
707 2348 747 2377 se,

67 2380 120 2412 bei
147 2380 182 2411 L.
210 2381 322 2422 haufig
348 2392 385 2413 so
413 2382 614 2423 gebraucht,
640 2382 747 2414 selten

67 2436 132 2457 von
158 2425 274 2458 Cicero
299 2427 363 2458 und
393 2427 516 2467 Casar,
544 2439 569 2459 s.
596 2424 747 2459 Riihnast

71 2473 143 2505 100.
171 2489 214 2494 —
245 2484 387 2512 versun,
423 2484 452 2504 n.
487 2484 535 2513 se,
563 2483 590 2504 c.
615 2475 678 2513 60,
708 2474 746 2506 10

64 2527 95 2548 u.
122 2527 151 2549 a.
185 2536 219 2539 —
248 2526 376 2558 recept„
403 2529 427 2551 s.
453 2521 515 2557 30,
543 2519 596 2557 34,
627 2520 676 2551 11.
706 2536 747 2540 —

822 1476 904 1513 alia,
943 1473 1009 1505 und
1046 1473 1231 1505 ausserdem
1265 1472 1316 1504 dic
1342 1483 1371 1504 u.
1396 1483 1420 1504 s.
1448 1483 1501 1513 w.‚

821 1519 892 1560 vgl.
917 1529 943 1551 c.
975 1521 1024 1557 13,
1056 1521 1092 1559 3,
1120 1520 1172 1559 37,
1203 1520 1256 1558 39,
1284 1519 1322 1558 9;
1352 1519 1403 1551 12,

869 1562 937 1601 27.
972 1566 1067 1597 1-3.
1094 1567 1246 1596 memoria
1268 1568 1331 1596 etc.
1356 1563 1500 1595 wieder-

821 1610 894 1641 holt
920 1620 981 1641 nur
1006 1621 1032 1642 o.
1059 1612 1112 1649 26,
1143 1612 1172 1643 5.
1188 1612 1379 1649 —inhaer.,
1401 1619 1427 1640 c.
1446 1610 1500 1649 22,

823 1657 861 1693 9,
896 1655 962 1695 vgl.
996 1658 1036 1696 7,
1067 1657 1128 1693 23,
1163 1656 1194 1688 9.
1222 1635 1443 1694 —qzep’rz'nu
1469 1666 1499 1696 q

821 1678 936 1732 durnch
948 1702 964 1739 ἕ
990 1703 1011 1734 4
1036 1699 1500 1742 besch1ankt,vgl.Appian.

821 1746 843 1777 l.
878 1745 918 1776 l.:
956 1746 995 1779 ἐι
1028 1746 1067 1779 (1ὲ
1106 1741 1354 1797 Τεκτοσάφαις
1377 1757 1414 1779 τε
1439 1747 1501 1778 καὶ

825 1786 1010 1848 Τρόκιιοις
1070 1787 1302 1824 {mzd‘v'zevoe
1348 1791 1420 1836 μὲι
1467 1791 1504 1830 ἐξ

822 1837 860 1869 ἐι
864 1836 982 1882 εδοας,
1009 1838 1070 1869 καὶ
1097 1837 1245 1881 &cp-[125⁷
1282 1833 1502 1870 ἕπαιελθών

822 1881 860 1914 δὲ
889 1882 924 1919 ἐς
944 1883 1206 1937 αὐλιζομέιους
1226 1900 1270 1904 --
1287 1884 1499 1929 περιέστησε

821 1940 905 1964 τους
934 1916 1075 1970 ψιλοίς
1095 1927 1229 1965 αὐτοῖς.
1265 1946 1309 1950 —
1333 1939 1415 1968 qua,
1445 1927 1504 1959 auf

821 1973 979 2005 welchem
1004 1973 1123 2014 Wege,
1151 1973 1232 2004 wir:
1257 1973 1386 2015 wohin,
1412 1984 1440 2006 c
1467 1976 1497 2013 7,

821 2020 857 2057 33
884 2020 937 2058 22,
965 2022 994 2057 5,
1026 2021 1054 2052 8.
1080 2036 1125 2040 —-
1148 2020 1278 2058 haeser,
1307 2018 1372 2050 wie
1397 2029 1423 2049 c.
1444 2020 1497 2059 23,

820 2066 858 2103 4,
888 2065 938 2103 10,
961 2065 1014 2102 36,
1037 2065 1095 2097 13:
1122 2066 1279 2097 obiacente
1295 2067 1498 2097 sarcinarum

819 2112 941 2141 cumulo
965 2112 1091 2142 haesere
1116 2112 1260 2149 inpediti.

866 2156 967 2188 4—9.
1015 2158 1050 2187 in
1092 2158 1229 2192 corma,
1277 2155 1336 2186 das
1377 2155 1499 2186 vorher

818 2199 977 2232 Erziihlte
996 2200 1094 2241 gieug
1111 2201 1154 2232 im
1171 2199 1401 2232 Mitteltreffen
1430 2210 1499 2231 vor.

820 2263 863 2268 —
887 2248 1024 2287 coniecc„
1065 2246 1132 2287 vgl.
1174 2248 1227 2286 28,
1271 2247 1333 2284 36,
1376 2247 1414 2278 9;
1460 2248 1504 2277 ad

811 2294 955 2330 primum
990 2295 1153 2324 incursum
1181 2294 1412 2332 coniectumque
1437 2294 1500 2329 teli,

818 2337 1025 2376 gcwb‘hnlich
1051 2340 1094 2369 ad
1108 2340 1279 2369 coniectum
1302 2336 1370 2378 teli,
1395 2337 1428 2368 in
1447 2336 1499 2368 die

817 2381 1059 2424 Schussweite,
1092 2384 1130 2422 2,
1159 2384 1220 2416 31.
1245 2384 1284 2422 63
1310 2384 1348 2422 7,
1376 2384 1438 2423 26,
1465 2384 1497 2418 9,

818 2428 885 2468 vgl.
919 2438 960 2458 zu
993 2429 1052 2467 26,
1079 2430 1140 2469 40,
1192 2429 1249 2469 1ος
1290 2428 1372 2459 oben
1407 2429 1426 2468 ξ
1464 2429 1498 2460 1:

817 2475 975 2512 impetum.
1001 2489 1046 2495 -—
1063 2484 1125 2512 per
1148 2476 1222 2515 aliq.
1249 2484 1312 2515 sp„
1347 2474 1407 2513 29,
1443 2473 1498 2512 35,

821 2520 876 2551 13:
913 2521 947 2550 in
979 2521 1179 2560 aliquantum
1212 2521 1309 2550 maris
1340 2520 1499 2558 spatium,-
