<?xml version="1.0" encoding="UTF-8"?>
<!DOCTYPE html PUBLIC "-//W3C//DTD XHTML 1.0 Transitional//EN"
    "http://www.w3.org/TR/xhtml1/DTD/xhtml1-transitional.dtd">
<html xmlns="http://www.w3.org/1999/xhtml" xml:lang="en" lang="en">
 <head>
  <title>
</title>
<meta http-equiv="Content-Type" content="text/html;charset=utf-8" />
  <meta name='ocr-system' content='tesseract 3.04.00' />
  <meta name='ocr-capabilities' content='ocr_page ocr_carea ocr_par ocr_line ocrx_word'/>
</head>
<body>
  <div class='ocr_page' id='page_1' title='image "./aburbeconditalib0708livyuoft_0202.png"; bbox 0 0 1715 2723; ppageno 0'>
   <div class='ocr_carea' id='block_1_1' title="bbox 634 163 1100 198">
    <p class='ocr_par' dir='ltr' id='par_1_1' title="bbox 634 163 1100 198">
     <span class='ocr_line' id='line_1_1' title="bbox 634 163 1100 198; baseline -0.002 -2"><span class='ocrx_word' id='word_1_1' title='bbox 634 163 757 196; x_wconf 85' lang='lat' dir='ltr'>LIBER</span> <span class='ocrx_word' id='word_1_2' title='bbox 773 164 929 198; x_wconf 88' lang='lat' dir='ltr'>XXXIII.</span> <span class='ocrx_word' id='word_1_3' title='bbox 958 163 1050 196; x_wconf 85' lang='lat' dir='ltr'><strong>CAP.</strong></span> <span class='ocrx_word' id='word_1_4' title='bbox 1069 163 1100 195; x_wconf 81' lang='grc'><strong>8.</strong></span> 
     </span>
    </p>
   </div>
   <div class='ocr_carea' id='block_1_2' title="bbox 174 167 1570 207">
    <p class='ocr_par' dir='ltr' id='par_1_2' title="bbox 174 167 1570 207">
     <span class='ocr_line' id='line_1_2' title="bbox 174 167 1570 207; baseline 0.001 -10"><span class='ocrx_word' id='word_1_5' title='bbox 174 167 251 207; x_wconf 84' lang='lat'><strong>192</strong></span> <span class='ocrx_word' id='word_1_6' title='bbox 1423 179 1448 197; x_wconf 70' lang='lat' dir='ltr'><strong>a.</strong></span> <span class='ocrx_word' id='word_1_7' title='bbox 1465 179 1492 197; x_wconf 81' lang='lat' dir='ltr'><strong>u.</strong></span> <span class='ocrx_word' id='word_1_8' title='bbox 1509 171 1570 199; x_wconf 78' lang='lat'><strong><em>55‘1.</em></strong></span> 
     </span>
    </p>
   </div>
   <div class='ocr_carea' id='block_1_3' title="bbox 105 264 1581 1439">
    <p class='ocr_par' dir='ltr' id='par_1_3' title="bbox 123 264 1572 430">
     <span class='ocr_line' id='line_1_3' title="bbox 123 264 1572 319; baseline -0.001 -12"><span class='ocrx_word' id='word_1_9' title='bbox 123 275 142 307; x_wconf 84' lang='lat'>3</span> <span class='ocrx_word' id='word_1_10' title='bbox 171 267 299 319; x_wconf 87' lang='lat' dir='ltr'><strong>copias</strong></span> <span class='ocrx_word' id='word_1_11' title='bbox 320 266 359 304; x_wconf 92' lang='lat' dir='ltr'><strong>in</strong></span> <span class='ocrx_word' id='word_1_12' title='bbox 379 265 513 304; x_wconf 82' lang='lat' dir='ltr'><strong>aciem.</strong></span> <span class='ocrx_word' id='word_1_13' title='bbox 544 264 648 304; x_wconf 90' lang='lat' dir='ltr'><strong>idem</strong></span> <span class='ocrx_word' id='word_1_14' title='bbox 664 270 702 304; x_wconf 90' lang='lat' dir='ltr'><strong>et</strong></span> <span class='ocrx_word' id='word_1_15' title='bbox 715 266 927 313; x_wconf 87' lang='lat' dir='ltr'><strong>Romanus,</strong></span> <span class='ocrx_word' id='word_1_16' title='bbox 945 265 1066 317; x_wconf 86' lang='lat' dir='ltr'><strong>magis</strong></span> <span class='ocrx_word' id='word_1_17' title='bbox 1081 265 1309 304; x_wconf 83' lang='lat' dir='ltr'><strong>necessitate</strong></span> <span class='ocrx_word' id='word_1_18' title='bbox 1325 278 1443 317; x_wconf 89' lang='lat' dir='ltr'><strong>quam</strong></span> <span class='ocrx_word' id='word_1_19' title='bbox 1460 279 1572 306; x_wconf 85' lang='lat' dir='ltr'><strong>occa-</strong></span> 
     </span>
     <span class='ocr_line' id='line_1_4' title="bbox 173 321 1570 374; baseline -0.001 -12"><span class='ocrx_word' id='word_1_20' title='bbox 173 323 283 362; x_wconf 88' lang='lat' dir='ltr'><strong>sione</strong></span> <span class='ocrx_word' id='word_1_21' title='bbox 308 333 459 374; x_wconf 81' lang='lat' dir='ltr'>pugnae</span> <span class='ocrx_word' id='word_1_22' title='bbox 493 321 692 369; x_wconf 88' lang='lat' dir='ltr'><strong>inductus,</strong></span> <span class='ocrx_word' id='word_1_23' title='bbox 727 322 831 361; x_wconf 86' lang='lat' dir='ltr'><strong>fecit.</strong></span> <span class='ocrx_word' id='word_1_24' title='bbox 873 322 1052 361; x_wconf 81' lang='lat' dir='ltr'><strong>dextrum</strong></span> <span class='ocrx_word' id='word_1_25' title='bbox 1081 332 1202 360; x_wconf 90' lang='lat' dir='ltr'><strong>cornu</strong></span> <span class='ocrx_word' id='word_1_26' title='bbox 1237 322 1450 373; x_wconf 85' lang='lat' dir='ltr'><strong>elephantis</strong></span> <span class='ocrx_word' id='word_1_27' title='bbox 1482 327 1570 361; x_wconf 87' lang='lat' dir='ltr'><strong>ante</strong></span> 
     </span>
     <span class='ocr_line' id='line_1_5' title="bbox 172 377 1572 430; baseline -0.001 -13"><span class='ocrx_word' id='word_1_28' title='bbox 172 379 277 430; x_wconf 88' lang='lat' dir='ltr'><strong>signa</strong></span> <span class='ocrx_word' id='word_1_29' title='bbox 305 377 505 417; x_wconf 88' lang='lat' dir='ltr'><strong>instructis</strong></span> <span class='ocrx_word' id='word_1_30' title='bbox 525 377 565 416; x_wconf 92' lang='lat' dir='ltr'><strong>in</strong></span> <span class='ocrx_word' id='word_1_31' title='bbox 586 377 766 417; x_wconf 87' lang='lat' dir='ltr'><strong>subsidiis</strong></span> <span class='ocrx_word' id='word_1_32' title='bbox 788 378 962 429; x_wconf 71' lang='lat' dir='ltr'><strong>reliquit,</strong></span> <span class='ocrx_word' id='word_1_33' title='bbox 983 378 1090 417; x_wconf 88' lang='lat' dir='ltr'><strong>laevo</strong></span> <span class='ocrx_word' id='word_1_34' title='bbox 1112 390 1201 417; x_wconf 91' lang='lat' dir='ltr'><strong>cum</strong></span> <span class='ocrx_word' id='word_1_35' title='bbox 1223 378 1331 416; x_wconf 90' lang='lat' dir='ltr'><strong>omni</strong></span> <span class='ocrx_word' id='word_1_36' title='bbox 1352 377 1424 417; x_wconf 87' lang='lat' dir='ltr'><strong>levi</strong></span> <span class='ocrx_word' id='word_1_37' title='bbox 1443 389 1572 417; x_wconf 84' lang='lat' dir='ltr'><strong>arma-</strong></span> 
     </span>
    </p>

    <p class='ocr_par' dir='ltr' id='par_1_4' title="bbox 123 433 1574 597">
     <span class='ocr_line' id='line_1_6' title="bbox 123 433 1572 481; baseline 0 -8"><span class='ocrx_word' id='word_1_38' title='bbox 123 449 143 480; x_wconf 89' lang='lat'>4</span> <span class='ocrx_word' id='word_1_39' title='bbox 170 439 256 474; x_wconf 88' lang='lat' dir='ltr'><strong>tura</strong></span> <span class='ocrx_word' id='word_1_40' title='bbox 277 435 318 473; x_wconf 91' lang='lat' dir='ltr'><strong>in</strong></span> <span class='ocrx_word' id='word_1_41' title='bbox 337 434 490 473; x_wconf 85' lang='lat' dir='ltr'><strong>hostem</strong></span> <span class='ocrx_word' id='word_1_42' title='bbox 511 434 635 481; x_wconf 86' lang='lat' dir='ltr'><strong>vadit,</strong></span> <span class='ocrx_word' id='word_1_43' title='bbox 665 434 781 473; x_wconf 92' lang='lat' dir='ltr'><strong>simul</strong></span> <span class='ocrx_word' id='word_1_44' title='bbox 802 435 1017 473; x_wconf 89' lang='lat' dir='ltr'><strong>admonens</strong></span> <span class='ocrx_word' id='word_1_45' title='bbox 1038 446 1126 473; x_wconf 93' lang='lat' dir='ltr'><strong>cum</strong></span> <span class='ocrx_word' id='word_1_46' title='bbox 1147 433 1273 472; x_wconf 87' lang='lat' dir='ltr'><strong>isdem</strong></span> <span class='ocrx_word' id='word_1_47' title='bbox 1298 433 1572 473; x_wconf 82' lang='lat' dir='ltr'>Macedonibus</span> 
     </span>
     <span class='ocr_line' id='line_1_7' title="bbox 170 490 1571 543; baseline -0.001 -14"><span class='ocrx_word' id='word_1_48' title='bbox 170 495 425 543; x_wconf 84' lang='lat' dir='ltr'><strong>pugnaturos,</strong></span> <span class='ocrx_word' id='word_1_49' title='bbox 449 502 546 541; x_wconf 89' lang='lat' dir='ltr'><strong>quos</strong></span> <span class='ocrx_word' id='word_1_50' title='bbox 567 491 613 529; x_wconf 89' lang='lat' dir='ltr'><strong>ad</strong></span> <span class='ocrx_word' id='word_1_51' title='bbox 634 491 739 541; x_wconf 89' lang='lat' dir='ltr'><strong>Epiri</strong></span> <span class='ocrx_word' id='word_1_52' title='bbox 759 491 902 537; x_wconf 88' lang='lat' dir='ltr'><strong>fauces,</strong></span> <span class='ocrx_word' id='word_1_53' title='bbox 923 490 1121 529; x_wconf 90' lang='lat' dir='ltr'><strong>montibus</strong></span> <span class='ocrx_word' id='word_1_54' title='bbox 1138 490 1439 542; x_wconf 88' lang='lat' dir='ltr'><strong>fluminibusque</strong></span> <span class='ocrx_word' id='word_1_55' title='bbox 1461 502 1571 542; x_wconf 87' lang='lat' dir='ltr'><strong>saep-</strong></span> 
     </span>
     <span class='ocr_line' id='line_1_8' title="bbox 171 546 1574 597; baseline -0.001 -11"><span class='ocrx_word' id='word_1_56' title='bbox 171 552 250 594; x_wconf 87' lang='lat' dir='ltr'><strong>tos,</strong></span> <span class='ocrx_word' id='word_1_57' title='bbox 279 547 378 586; x_wconf 87' lang='lat' dir='ltr'><strong>victa</strong></span> <span class='ocrx_word' id='word_1_58' title='bbox 403 546 569 585; x_wconf 87' lang='lat' dir='ltr'><strong>naturali</strong></span> <span class='ocrx_word' id='word_1_59' title='bbox 597 546 821 585; x_wconf 84' lang='lat' dir='ltr'><strong>difficultate</strong></span> <span class='ocrx_word' id='word_1_60' title='bbox 849 547 1025 586; x_wconf 89' lang='lat' dir='ltr'><strong>locorum</strong></span> <span class='ocrx_word' id='word_1_61' title='bbox 1056 546 1294 597; x_wconf 82' lang='lat' dir='ltr'><strong>expulissent</strong></span> <span class='ocrx_word' id='word_1_62' title='bbox 1319 546 1475 597; x_wconf 83' lang='lat' dir='ltr'><strong>acieque</strong></span> <span class='ocrx_word' id='word_1_63' title='bbox 1504 559 1574 585; x_wconf 82' lang='lat' dir='ltr'><strong>ex-</strong></span> 
     </span>
    </p>

    <p class='ocr_par' dir='ltr' id='par_1_5' title="bbox 122 602 1575 705">
     <span class='ocr_line' id='line_1_9' title="bbox 122 602 1575 655; baseline -0.001 -13"><span class='ocrx_word' id='word_1_64' title='bbox 122 618 141 649; x_wconf 86' lang='lat'>5</span> <span class='ocrx_word' id='word_1_65' title='bbox 171 608 426 655; x_wconf 82' lang='lat' dir='ltr'><strong>pugnassent,</strong></span> <span class='ocrx_word' id='word_1_66' title='bbox 449 615 537 641; x_wconf 91' lang='lat' dir='ltr'><strong>cum</strong></span> <span class='ocrx_word' id='word_1_67' title='bbox 557 603 624 644; x_wconf 83' lang='lat' dir='ltr'><strong>iis.</strong></span> <span class='ocrx_word' id='word_1_68' title='bbox 649 615 745 653; x_wconf 92' lang='lat' dir='ltr'><strong>quos</strong></span> <span class='ocrx_word' id='word_1_69' title='bbox 767 602 808 641; x_wconf 93' lang='lat' dir='ltr'><strong>P.</strong></span> <span class='ocrx_word' id='word_1_70' title='bbox 832 602 989 653; x_wconf 80' lang='lat' dir='ltr'><strong>Sulpicii</strong></span> <span class='ocrx_word' id='word_1_71' title='bbox 1010 603 1118 654; x_wconf 88' lang='lat' dir='ltr'><strong>prius</strong></span> <span class='ocrx_word' id='word_1_72' title='bbox 1139 602 1258 641; x_wconf 89' lang='lat' dir='ltr'><strong>ductu</strong></span> <span class='ocrx_word' id='word_1_73' title='bbox 1287 602 1507 642; x_wconf 87' lang='lat' dir='ltr'><strong>obsidentes</strong></span> <span class='ocrx_word' id='word_1_74' title='bbox 1535 602 1575 640; x_wconf 92' lang='lat' dir='ltr'><strong>in</strong></span> 
     </span>
     <span class='ocr_line' id='line_1_10' title="bbox 171 658 1574 705; baseline -0.001 -7"><span class='ocrx_word' id='word_1_75' title='bbox 171 659 383 698; x_wconf 80' lang='lat' dir='ltr'><strong>Eordaeam</strong></span> <span class='ocrx_word' id='word_1_76' title='bbox 405 659 553 698; x_wconf 89' lang='lat' dir='ltr'><strong>aditum</strong></span> <span class='ocrx_word' id='word_1_77' title='bbox 575 658 776 697; x_wconf 87' lang='lat' dir='ltr'><strong>vicissent:</strong></span> <span class='ocrx_word' id='word_1_78' title='bbox 808 659 911 697; x_wconf 86' lang='lat' dir='ltr'><strong>fama</strong></span> <span class='ocrx_word' id='word_1_79' title='bbox 932 659 1104 705; x_wconf 81' lang='lat' dir='ltr'><strong>stetisse,</strong></span> <span class='ocrx_word' id='word_1_80' title='bbox 1132 670 1211 698; x_wconf 92' lang='lat' dir='ltr'><strong>non</strong></span> <span class='ocrx_word' id='word_1_81' title='bbox 1232 659 1376 697; x_wconf 88' lang='lat' dir='ltr'><strong>viribus</strong></span> <span class='ocrx_word' id='word_1_82' title='bbox 1396 658 1574 697; x_wconf 88' lang='lat' dir='ltr'><strong>Macedo-</strong></span> 
     </span>
    </p>

    <p class='ocr_par' dir='ltr' id='par_1_6' title="bbox 123 712 1576 879">
     <span class='ocr_line' id='line_1_11' title="bbox 123 712 1575 766; baseline -0.001 -12"><span class='ocrx_word' id='word_1_83' title='bbox 123 728 143 760; x_wconf 84' lang='lat'><strong>6</strong></span> <span class='ocrx_word' id='word_1_84' title='bbox 171 715 256 754; x_wconf 84' lang='lat' dir='ltr'><strong>niae</strong></span> <span class='ocrx_word' id='word_1_85' title='bbox 284 727 468 766; x_wconf 67' lang='lat' dir='ltr'><strong>regnum,</strong></span> <span class='ocrx_word' id='word_1_86' title='bbox 497 727 582 754; x_wconf 87' lang='lat' dir='ltr'><strong>eam</strong></span> <span class='ocrx_word' id='word_1_87' title='bbox 612 712 767 766; x_wconf 86' lang='lat' dir='ltr'><strong>quoque</strong></span> <span class='ocrx_word' id='word_1_88' title='bbox 792 715 935 754; x_wconf 87' lang='lat' dir='ltr'><strong>famam</strong></span> <span class='ocrx_word' id='word_1_89' title='bbox 957 715 1115 754; x_wconf 88' lang='lat' dir='ltr'><strong>tandem</strong></span> <span class='ocrx_word' id='word_1_90' title='bbox 1136 715 1347 754; x_wconf 89' lang='lat' dir='ltr'><strong>evanuisse.</strong></span> <span class='ocrx_word' id='word_1_91' title='bbox 1388 715 1463 753; x_wconf 89' lang='lat' dir='ltr'><strong>iam</strong></span> <span class='ocrx_word' id='word_1_92' title='bbox 1485 725 1575 765; x_wconf 90' lang='lat' dir='ltr'><strong>per-</strong></span> 
     </span>
     <span class='ocr_line' id='line_1_12' title="bbox 171 770 1575 822; baseline -0.001 -11"><span class='ocrx_word' id='word_1_93' title='bbox 171 776 330 811; x_wconf 89' lang='lat' dir='ltr'><strong>ventum</strong></span> <span class='ocrx_word' id='word_1_94' title='bbox 353 771 398 810; x_wconf 89' lang='lat' dir='ltr'><strong>ad</strong></span> <span class='ocrx_word' id='word_1_95' title='bbox 422 783 514 809; x_wconf 88' lang='lat' dir='ltr'><strong>suos</strong></span> <span class='ocrx_word' id='word_1_96' title='bbox 537 771 574 808; x_wconf 94' lang='lat' dir='ltr'><strong>in</strong></span> <span class='ocrx_word' id='word_1_97' title='bbox 595 771 671 809; x_wconf 89' lang='lat' dir='ltr'><strong>ima</strong></span> <span class='ocrx_word' id='word_1_98' title='bbox 693 771 786 809; x_wconf 90' lang='lat' dir='ltr'><strong>valle</strong></span> <span class='ocrx_word' id='word_1_99' title='bbox 809 775 956 809; x_wconf 88' lang='lat' dir='ltr'><strong>stantes</strong></span> <span class='ocrx_word' id='word_1_100' title='bbox 978 776 1076 817; x_wconf 87' lang='lat' dir='ltr'><strong>erat,</strong></span> <span class='ocrx_word' id='word_1_101' title='bbox 1109 771 1175 822; x_wconf 91' lang='lat' dir='ltr'><strong>qui</strong></span> <span class='ocrx_word' id='word_1_102' title='bbox 1196 771 1364 810; x_wconf 87' lang='lat' dir='ltr'><strong>adventu</strong></span> <span class='ocrx_word' id='word_1_103' title='bbox 1386 770 1575 809; x_wconf 86' lang='lat' dir='ltr'><strong>exercitus</strong></span> 
     </span>
     <span class='ocr_line' id='line_1_13' title="bbox 171 827 1576 879; baseline 0 -13"><span class='ocrx_word' id='word_1_104' title='bbox 171 827 493 879; x_wconf 84' lang='lat' dir='ltr'><strong>imperatorisque</strong></span> <span class='ocrx_word' id='word_1_105' title='bbox 519 838 689 877; x_wconf 86' lang='lat' dir='ltr'><strong>pugnam</strong></span> <span class='ocrx_word' id='word_1_106' title='bbox 715 831 902 865; x_wconf 86' lang='lat' dir='ltr'><strong>renovant</strong></span> <span class='ocrx_word' id='word_1_107' title='bbox 927 827 1153 877; x_wconf 86' lang='lat' dir='ltr'><strong>impetuque</strong></span> <span class='ocrx_word' id='word_1_108' title='bbox 1173 827 1275 866; x_wconf 87' lang='lat' dir='ltr'><strong>facto</strong></span> <span class='ocrx_word' id='word_1_109' title='bbox 1301 839 1435 866; x_wconf 89' lang='lat' dir='ltr'><strong>rursus</strong></span> <span class='ocrx_word' id='word_1_110' title='bbox 1465 838 1576 866; x_wconf 84' lang='lat' dir='ltr'><strong>aver-</strong></span> 
     </span>
    </p>

    <p class='ocr_par' dir='ltr' id='par_1_7' title="bbox 124 882 1577 989">
     <span class='ocr_line' id='line_1_14' title="bbox 124 882 1574 934; baseline -0.001 -12"><span class='ocrx_word' id='word_1_111' title='bbox 124 897 141 928; x_wconf 84' lang='lat'><strong>7</strong></span> <span class='ocrx_word' id='word_1_112' title='bbox 171 888 260 922; x_wconf 88' lang='lat' dir='ltr'><strong>tunt</strong></span> <span class='ocrx_word' id='word_1_113' title='bbox 279 884 447 922; x_wconf 88' lang='lat' dir='ltr'><strong>hostem.</strong></span> <span class='ocrx_word' id='word_1_114' title='bbox 489 882 688 933; x_wconf 87' lang='lat' dir='ltr'><strong>Philippus</strong></span> <span class='ocrx_word' id='word_1_115' title='bbox 710 895 799 921; x_wconf 89' lang='lat' dir='ltr'><strong>cum</strong></span> <span class='ocrx_word' id='word_1_116' title='bbox 821 883 995 921; x_wconf 79' lang='lat' dir='ltr'><strong>caetratis</strong></span> <span class='ocrx_word' id='word_1_117' title='bbox 1017 888 1054 921; x_wconf 88' lang='lat' dir='ltr'><strong>et</strong></span> <span class='ocrx_word' id='word_1_118' title='bbox 1075 894 1197 921; x_wconf 87' lang='lat' dir='ltr'><strong>cornu</strong></span> <span class='ocrx_word' id='word_1_119' title='bbox 1224 883 1359 922; x_wconf 84' lang='lat' dir='ltr'><strong>dextro</strong></span> <span class='ocrx_word' id='word_1_120' title='bbox 1386 883 1574 934; x_wconf 88' lang='lat' dir='ltr'><strong>peditum,</strong></span> 
     </span>
     <span class='ocr_line' id='line_1_15' title="bbox 172 938 1577 989; baseline -0.001 -11"><span class='ocrx_word' id='word_1_121' title='bbox 172 939 312 978; x_wconf 89' lang='lat' dir='ltr'><strong>robore</strong></span> <span class='ocrx_word' id='word_1_122' title='bbox 332 938 565 977; x_wconf 83' lang='lat' dir='ltr'><strong>Macedonici</strong></span> <span class='ocrx_word' id='word_1_123' title='bbox 586 938 777 976; x_wconf 81' lang='lat' dir='ltr'><strong>exercitus</strong></span> <span class='ocrx_word' id='word_1_124' title='bbox 792 969 802 985; x_wconf 83' lang='lat'><strong>,</strong></span> <span class='ocrx_word' id='word_1_125' title='bbox 826 950 942 988; x_wconf 86' lang='lat' dir='ltr'><strong>quam</strong></span> <span class='ocrx_word' id='word_1_126' title='bbox 969 938 1199 989; x_wconf 83' lang='lat' dir='ltr'><strong>phalangem</strong></span> <span class='ocrx_word' id='word_1_127' title='bbox 1225 939 1430 985; x_wconf 87' lang='lat' dir='ltr'><strong>vocabant,</strong></span> <span class='ocrx_word' id='word_1_128' title='bbox 1456 950 1577 989; x_wconf 90' lang='lat' dir='ltr'><strong>prope</strong></span> 
     </span>
    </p>

    <p class='ocr_par' dir='ltr' id='par_1_8' title="bbox 123 994 1575 1046">
     <span class='ocr_line' id='line_1_16' title="bbox 123 994 1575 1046; baseline -0.001 -12"><span class='ocrx_word' id='word_1_129' title='bbox 123 1008 142 1040; x_wconf 84' lang='lat'>8</span> <span class='ocrx_word' id='word_1_130' title='bbox 172 1007 288 1034; x_wconf 87' lang='lat' dir='ltr'><strong>cursu</strong></span> <span class='ocrx_word' id='word_1_131' title='bbox 310 995 355 1034; x_wconf 86' lang='lat' dir='ltr'><strong>ad</strong></span> <span class='ocrx_word' id='word_1_132' title='bbox 377 994 531 1033; x_wconf 87' lang='lat' dir='ltr'><strong>hostem</strong></span> <span class='ocrx_word' id='word_1_133' title='bbox 552 994 674 1041; x_wconf 70' lang='lat' dir='ltr'><strong>vadit,</strong></span> <span class='ocrx_word' id='word_1_134' title='bbox 696 994 876 1033; x_wconf 86' lang='lat' dir='ltr'><strong>Nicanori</strong></span> <span class='ocrx_word' id='word_1_135' title='bbox 897 1007 942 1033; x_wconf 86' lang='lat' dir='ltr'><strong>ex</strong></span> <span class='ocrx_word' id='word_1_136' title='bbox 962 995 1185 1046; x_wconf 88' lang='lat' dir='ltr'><strong>purpuratis</strong></span> <span class='ocrx_word' id='word_1_137' title='bbox 1206 994 1288 1041; x_wconf 89' lang='lat' dir='ltr'><strong>uni,</strong></span> <span class='ocrx_word' id='word_1_138' title='bbox 1311 999 1355 1033; x_wconf 92' lang='lat' dir='ltr'><strong>ut</strong></span> <span class='ocrx_word' id='word_1_139' title='bbox 1376 1007 1465 1034; x_wconf 91' lang='lat' dir='ltr'><strong>cum</strong></span> <span class='ocrx_word' id='word_1_140' title='bbox 1485 994 1575 1033; x_wconf 91' lang='lat' dir='ltr'><strong>reli-</strong></span> 
     </span>
    </p>

    <p class='ocr_par' dir='ltr' id='par_1_9' title="bbox 124 1050 1579 1214">
     <span class='ocr_line' id='line_1_17' title="bbox 124 1050 1577 1103; baseline -0.001 -13"><span class='ocrx_word' id='word_1_141' title='bbox 124 1063 143 1095; x_wconf 88' lang='grc'>9</span> <span class='ocrx_word' id='word_1_142' title='bbox 173 1051 260 1103; x_wconf 86' lang='lat' dir='ltr'><strong>quis</strong></span> <span class='ocrx_word' id='word_1_143' title='bbox 277 1050 398 1102; x_wconf 89' lang='lat' dir='ltr'><strong>copiis</strong></span> <span class='ocrx_word' id='word_1_144' title='bbox 415 1050 620 1089; x_wconf 87' lang='lat' dir='ltr'><strong>confestim</strong></span> <span class='ocrx_word' id='word_1_145' title='bbox 638 1055 835 1102; x_wconf 86' lang='lat' dir='ltr'><strong>sequatur,</strong></span> <span class='ocrx_word' id='word_1_146' title='bbox 856 1050 1032 1101; x_wconf 84' lang='lat' dir='ltr'><strong>imperat.</strong></span> <span class='ocrx_word' id='word_1_147' title='bbox 1063 1050 1205 1101; x_wconf 87' lang='lat' dir='ltr'><strong>primo,</strong></span> <span class='ocrx_word' id='word_1_148' title='bbox 1226 1055 1270 1090; x_wconf 94' lang='lat' dir='ltr'><strong>ut</strong></span> <span class='ocrx_word' id='word_1_149' title='bbox 1285 1051 1325 1089; x_wconf 92' lang='lat' dir='ltr'><strong>in</strong></span> <span class='ocrx_word' id='word_1_150' title='bbox 1341 1051 1473 1102; x_wconf 87' lang='lat' dir='ltr'><strong>iugum</strong></span> <span class='ocrx_word' id='word_1_151' title='bbox 1489 1063 1577 1089; x_wconf 86' lang='lat' dir='ltr'><strong>eva-</strong></span> 
     </span>
     <span class='ocr_line' id='line_1_18' title="bbox 173 1106 1578 1158; baseline 0 -12"><span class='ocrx_word' id='word_1_152' title='bbox 173 1108 237 1153; x_wconf 84' lang='lat' dir='ltr'><strong>sit,</strong></span> <span class='ocrx_word' id='word_1_153' title='bbox 263 1112 300 1146; x_wconf 85' lang='lat' dir='ltr'><strong>et</strong></span> <span class='ocrx_word' id='word_1_154' title='bbox 320 1106 534 1146; x_wconf 89' lang='lat' dir='ltr'><strong>iacentibus</strong></span> <span class='ocrx_word' id='word_1_155' title='bbox 556 1106 606 1145; x_wconf 92' lang='lat' dir='ltr'><strong>ibi</strong></span> <span class='ocrx_word' id='word_1_156' title='bbox 626 1107 758 1158; x_wconf 87' lang='lat' dir='ltr'><strong>paucis</strong></span> <span class='ocrx_word' id='word_1_157' title='bbox 786 1107 903 1145; x_wconf 87' lang='lat' dir='ltr'><strong>armis</strong></span> <span class='ocrx_word' id='word_1_158' title='bbox 933 1107 1236 1158; x_wconf 88' lang='lat' dir='ltr'><strong>corporibusque</strong></span> <span class='ocrx_word' id='word_1_159' title='bbox 1263 1107 1436 1146; x_wconf 79' lang='lat' dir='ltr'><strong>hostium</strong></span> <span class='ocrx_word' id='word_1_160' title='bbox 1462 1119 1578 1158; x_wconf 88' lang='lat' dir='ltr'><strong>proe-</strong></span> 
     </span>
     <span class='ocr_line' id='line_1_19' title="bbox 173 1163 1579 1214; baseline 0.001 -13"><span class='ocrx_word' id='word_1_161' title='bbox 173 1163 267 1202; x_wconf 92' lang='lat' dir='ltr'><strong>lium</strong></span> <span class='ocrx_word' id='word_1_162' title='bbox 298 1176 344 1202; x_wconf 89' lang='lat' dir='ltr'><strong>eo</strong></span> <span class='ocrx_word' id='word_1_163' title='bbox 372 1163 456 1201; x_wconf 89' lang='lat' dir='ltr'><strong>loco</strong></span> <span class='ocrx_word' id='word_1_164' title='bbox 483 1163 602 1201; x_wconf 86' lang='lat' dir='ltr'><strong>fuisse</strong></span> <span class='ocrx_word' id='word_1_165' title='bbox 629 1164 841 1214; x_wconf 88' lang='lat' dir='ltr'><strong>pulsosque</strong></span> <span class='ocrx_word' id='word_1_166' title='bbox 867 1163 955 1201; x_wconf 88' lang='lat' dir='ltr'><strong>inde</strong></span> <span class='ocrx_word' id='word_1_167' title='bbox 982 1164 1180 1202; x_wconf 85' lang='lat' dir='ltr'><strong>Romanos</strong></span> <span class='ocrx_word' id='word_1_168' title='bbox 1209 1167 1246 1201; x_wconf 92' lang='lat' dir='ltr'><strong>et</strong></span> <span class='ocrx_word' id='word_1_169' title='bbox 1270 1163 1432 1214; x_wconf 86' lang='lat' dir='ltr'><strong>pugnari</strong></span> <span class='ocrx_word' id='word_1_170' title='bbox 1459 1174 1579 1214; x_wconf 89' lang='lat' dir='ltr'><strong>prope</strong></span> 
     </span>
    </p>

    <p class='ocr_par' dir='ltr' id='par_1_10' title="bbox 105 1218 1581 1439">
     <span class='ocr_line' id='line_1_20' title="bbox 105 1218 1579 1270; baseline -0.001 -12"><span class='ocrx_word' id='word_1_171' title='bbox 105 1233 144 1264; x_wconf 83' lang='lat'><strong>10</strong></span> <span class='ocrx_word' id='word_1_172' title='bbox 175 1225 296 1258; x_wconf 85' lang='lat' dir='ltr'><strong>castra</strong></span> <span class='ocrx_word' id='word_1_173' title='bbox 317 1219 488 1257; x_wconf 90' lang='lat' dir='ltr'><strong>hostium</strong></span> <span class='ocrx_word' id='word_1_174' title='bbox 513 1219 622 1265; x_wconf 86' lang='lat' dir='ltr'><strong>vidit,</strong></span> <span class='ocrx_word' id='word_1_175' title='bbox 651 1219 796 1270; x_wconf 83' lang='lat' dir='ltr'><strong>ingenti</strong></span> <span class='ocrx_word' id='word_1_176' title='bbox 824 1219 961 1270; x_wconf 86' lang='lat' dir='ltr'><strong>gaudio</strong></span> <span class='ocrx_word' id='word_1_177' title='bbox 983 1223 1042 1257; x_wconf 84' lang='lat' dir='ltr'><strong>est</strong></span> <span class='ocrx_word' id='word_1_178' title='bbox 1063 1219 1206 1267; x_wconf 74' lang='lat' dir='ltr'><strong>elatus,</strong></span> <span class='ocrx_word' id='word_1_179' title='bbox 1235 1232 1327 1258; x_wconf 82' lang='lat' dir='ltr'><strong>mox</strong></span> <span class='ocrx_word' id='word_1_180' title='bbox 1353 1218 1579 1270; x_wconf 86' lang='lat' dir='ltr'><strong>refugienti-</strong></span> 
     </span>
     <span class='ocr_line' id='line_1_21' title="bbox 172 1274 1578 1326; baseline -0.001 -12"><span class='ocrx_word' id='word_1_181' title='bbox 172 1275 246 1314; x_wconf 87' lang='lat' dir='ltr'><strong>bus</strong></span> <span class='ocrx_word' id='word_1_182' title='bbox 275 1275 354 1314; x_wconf 89' lang='lat' dir='ltr'><strong>suis</strong></span> <span class='ocrx_word' id='word_1_183' title='bbox 383 1280 421 1313; x_wconf 89' lang='lat' dir='ltr'><strong>et</strong></span> <span class='ocrx_word' id='word_1_184' title='bbox 449 1280 597 1313; x_wconf 90' lang='lat' dir='ltr'><strong>terrore</strong></span> <span class='ocrx_word' id='word_1_185' title='bbox 626 1287 736 1314; x_wconf 91' lang='lat' dir='ltr'><strong>verso</strong></span> <span class='ocrx_word' id='word_1_186' title='bbox 766 1275 962 1326; x_wconf 87' lang='lat' dir='ltr'><strong>paulisper</strong></span> <span class='ocrx_word' id='word_1_187' title='bbox 989 1275 1176 1317; x_wconf 83' lang='lat' dir='ltr'><strong>incertus,</strong></span> <span class='ocrx_word' id='word_1_188' title='bbox 1206 1287 1254 1313; x_wconf 91' lang='lat' dir='ltr'><strong>an</strong></span> <span class='ocrx_word' id='word_1_189' title='bbox 1276 1275 1315 1313; x_wconf 93' lang='lat' dir='ltr'><strong>in</strong></span> <span class='ocrx_word' id='word_1_190' title='bbox 1335 1280 1460 1314; x_wconf 86' lang='lat' dir='ltr'><strong>castra</strong></span> <span class='ocrx_word' id='word_1_191' title='bbox 1480 1274 1578 1313; x_wconf 89' lang='lat' dir='ltr'><strong>reci-</strong></span> 
     </span>
     <span class='ocr_line' id='line_1_22' title="bbox 106 1331 1579 1383; baseline -0.001 -13"><span class='ocrx_word' id='word_1_192' title='bbox 106 1344 141 1375; x_wconf 89' lang='lat'><strong>11</strong></span> <span class='ocrx_word' id='word_1_193' title='bbox 173 1336 281 1383; x_wconf 89' lang='lat' dir='ltr'><strong>peret</strong></span> <span class='ocrx_word' id='word_1_194' title='bbox 296 1331 438 1382; x_wconf 89' lang='lat' dir='ltr'><strong>copias,</strong></span> <span class='ocrx_word' id='word_1_195' title='bbox 456 1331 678 1382; x_wconf 84' lang='lat' dir='ltr'><strong>trepidavit;</strong></span> <span class='ocrx_word' id='word_1_196' title='bbox 697 1331 833 1369; x_wconf 89' lang='lat' dir='ltr'><strong>deinde</strong></span> <span class='ocrx_word' id='word_1_197' title='bbox 850 1336 894 1370; x_wconf 89' lang='lat' dir='ltr'><strong>ut</strong></span> <span class='ocrx_word' id='word_1_198' title='bbox 909 1331 1242 1382; x_wconf 86' lang='lat' dir='ltr'><strong>adpropinquabat</strong></span> <span class='ocrx_word' id='word_1_199' title='bbox 1257 1331 1395 1377; x_wconf 90' lang='lat' dir='ltr'><strong>hostis,</strong></span> <span class='ocrx_word' id='word_1_200' title='bbox 1412 1336 1451 1370; x_wconf 90' lang='lat' dir='ltr'><strong>et</strong></span> <span class='ocrx_word' id='word_1_201' title='bbox 1466 1343 1579 1382; x_wconf 84' lang='lat' dir='ltr'><strong>prae-</strong></span> 
     </span>
     <span class='ocr_line' id='line_1_23' title="bbox 173 1386 1581 1439; baseline 0 -13"><span class='ocrx_word' id='word_1_202' title='bbox 173 1393 349 1439; x_wconf 91' lang='lat' dir='ltr'><strong>terquam</strong></span> <span class='ocrx_word' id='word_1_203' title='bbox 372 1388 475 1438; x_wconf 92' lang='lat' dir='ltr'><strong>quod</strong></span> <span class='ocrx_word' id='word_1_204' title='bbox 498 1387 758 1426; x_wconf 85' lang='lat' dir='ltr'><strong>caedebantur</strong></span> <span class='ocrx_word' id='word_1_205' title='bbox 774 1388 895 1426; x_wconf 87' lang='lat' dir='ltr'><strong>aversi</strong></span> <span class='ocrx_word' id='word_1_206' title='bbox 911 1399 993 1433; x_wconf 86' lang='lat' dir='ltr'><strong>nec,</strong></span> <span class='ocrx_word' id='word_1_207' title='bbox 1017 1387 1090 1426; x_wconf 86' lang='lat' dir='ltr'><strong>nisi</strong></span> <span class='ocrx_word' id='word_1_208' title='bbox 1106 1387 1417 1432; x_wconf 83' lang='lat' dir='ltr'><strong>defenderentur,</strong></span> <span class='ocrx_word' id='word_1_209' title='bbox 1438 1386 1581 1426; x_wconf 85' lang='lat' dir='ltr'><strong>servari</strong></span> 
     </span>
    </p>
   </div>
   <div class='ocr_carea' id='block_1_4' title="bbox 172 1464 844 2624">
    <p class='ocr_par' dir='ltr' id='par_1_11' title="bbox 172 1464 844 2624">
     <span class='ocr_line' id='line_1_24' title="bbox 219 1464 839 1507; baseline -0.002 -11"><span class='ocrx_word' id='word_1_210' title='bbox 219 1465 307 1497; x_wconf 89' lang='grc'>3-6.</span> <span class='ocrx_word' id='word_1_211' title='bbox 342 1466 455 1507; x_wconf 73' lang='lat' dir='ltr'><strong>magis</strong></span> <span class='ocrx_word' id='word_1_212' title='bbox 475 1484 497 1487; x_wconf 97' lang='lat'><em>-</em></span> <span class='ocrx_word' id='word_1_213' title='bbox 523 1464 606 1507; x_wconf 81' lang='lat' dir='ltr'><em>ind.‚</em></span> <span class='ocrx_word' id='word_1_214' title='bbox 631 1464 839 1507; x_wconf 70' lang='lat' dir='ltr'><strong>P01yb.sagt</strong></span> 
     </span>
     <span class='ocr_line' id='line_1_25' title="bbox 172 1507 840 1552; baseline 0 -10"><span class='ocrx_word' id='word_1_215' title='bbox 172 1521 236 1542; x_wconf 90' lang='lat' dir='ltr'><strong>von</strong></span> <span class='ocrx_word' id='word_1_216' title='bbox 245 1510 327 1542; x_wconf 90' lang='lat' dir='ltr'><strong>Phil.</strong></span> <span class='ocrx_word' id='word_1_217' title='bbox 343 1521 369 1541; x_wconf 91' lang='lat' dir='ltr'><strong>c.</strong></span> <span class='ocrx_word' id='word_1_218' title='bbox 381 1511 397 1540; x_wconf 88' lang='lat'><strong>7</strong></span> <span class='ocrx_word' id='word_1_219' title='bbox 410 1522 416 1541; x_wconf 89' lang='lat'><strong>:</strong></span> <span class='ocrx_word' id='word_1_220' title='bbox 431 1507 652 1552; x_wconf 77' lang='grc' dir='ltr'><em>ἠναγκάζετο</em></span> <span class='ocrx_word' id='word_1_221' title='bbox 666 1529 688 1532; x_wconf 96' lang='grc'>-</span> <span class='ocrx_word' id='word_1_222' title='bbox 702 1512 840 1552; x_wconf 77' lang='grc' dir='ltr'><em>κρίνειν</em></span> 
     </span>
     <span class='ocr_line' id='line_1_26' title="bbox 172 1552 840 1595; baseline -0.003 -8"><span class='ocrx_word' id='word_1_223' title='bbox 172 1554 210 1587; x_wconf 78' lang='grc' dir='ltr'><strong>ἔκ</strong></span> <span class='ocrx_word' id='word_1_224' title='bbox 233 1555 297 1587; x_wconf 81' lang='grc' dir='ltr'><strong>τοῦ</strong></span> <span class='ocrx_word' id='word_1_225' title='bbox 321 1554 452 1593; x_wconf 74' lang='grc' dir='ltr'><em>καιροῦ</em></span> <span class='ocrx_word' id='word_1_226' title='bbox 476 1553 519 1586; x_wconf 77' lang='grc' dir='ltr'><strong>τὰ</strong></span> <span class='ocrx_word' id='word_1_227' title='bbox 544 1552 630 1593; x_wconf 74' lang='grc' dir='ltr'><strong>ὅλας</strong></span> <span class='ocrx_word' id='word_1_228' title='bbox 654 1555 739 1586; x_wconf 82' lang='lat' dir='ltr'><strong>daun</strong></span> <span class='ocrx_word' id='word_1_229' title='bbox 762 1555 840 1595; x_wconf 87' lang='lat' dir='ltr'><strong>geht</strong></span> 
     </span>
     <span class='ocr_line' id='line_1_27' title="bbox 172 1599 841 1640; baseline -0.003 -8"><span class='ocrx_word' id='word_1_230' title='bbox 172 1600 225 1632; x_wconf 89' lang='lat' dir='ltr'><strong>bei</strong></span> <span class='ocrx_word' id='word_1_231' title='bbox 238 1600 301 1631; x_wconf 84' lang='lat' dir='ltr'><strong>ihm</strong></span> <span class='ocrx_word' id='word_1_232' title='bbox 314 1600 367 1631; x_wconf 88' lang='lat' dir='ltr'><strong>die</strong></span> <span class='ocrx_word' id='word_1_233' title='bbox 381 1599 592 1640; x_wconf 85' lang='lat' dir='ltr'><strong>Ermahnung</strong></span> <span class='ocrx_word' id='word_1_234' title='bbox 607 1610 668 1630; x_wconf 92' lang='lat' dir='ltr'><strong>vor</strong></span> <span class='ocrx_word' id='word_1_235' title='bbox 682 1600 741 1630; x_wconf 88' lang='lat' dir='ltr'><strong>der</strong></span> <span class='ocrx_word' id='word_1_236' title='bbox 754 1600 841 1632; x_wconf 88' lang='lat' dir='ltr'><strong>Ver—</strong></span> 
     </span>
     <span class='ocr_line' id='line_1_28' title="bbox 172 1643 840 1685; baseline -0.001 -9"><span class='ocrx_word' id='word_1_237' title='bbox 172 1645 322 1685; x_wconf 85' lang='lat' dir='ltr'><strong>theilung</strong></span> <span class='ocrx_word' id='word_1_238' title='bbox 334 1654 450 1683; x_wconf 85' lang='lat' dir='ltr'><strong>voran,</strong></span> <span class='ocrx_word' id='word_1_239' title='bbox 469 1645 520 1675; x_wconf 86' lang='lat' dir='ltr'><strong>die</strong></span> <span class='ocrx_word' id='word_1_240' title='bbox 535 1644 587 1675; x_wconf 82' lang='lat' dir='ltr'><strong>bei</strong></span> <span class='ocrx_word' id='word_1_241' title='bbox 602 1643 637 1675; x_wconf 92' lang='lat' dir='ltr'><strong>L.</strong></span> <span class='ocrx_word' id='word_1_242' title='bbox 654 1644 713 1675; x_wconf 86' lang='lat' dir='ltr'><strong>der</strong></span> <span class='ocrx_word' id='word_1_243' title='bbox 726 1644 840 1675; x_wconf 87' lang='lat' dir='ltr'><strong>rechte</strong></span> 
     </span>
     <span class='ocr_line' id='line_1_29' title="bbox 172 1688 841 1731; baseline -0.003 -10"><span class='ocrx_word' id='word_1_244' title='bbox 172 1690 306 1731; x_wconf 80' lang='lat' dir='ltr'><strong>Fliigel,</strong></span> <span class='ocrx_word' id='word_1_245' title='bbox 324 1690 383 1720; x_wconf 90' lang='lat' dir='ltr'><strong>der</strong></span> <span class='ocrx_word' id='word_1_246' title='bbox 402 1688 652 1727; x_wconf 79' lang='lat' dir='ltr'><strong>zuriickbleibt,</strong></span> <span class='ocrx_word' id='word_1_247' title='bbox 677 1689 766 1720; x_wconf 87' lang='lat' dir='ltr'><strong>nicht</strong></span> <span class='ocrx_word' id='word_1_248' title='bbox 783 1690 841 1720; x_wconf 79' lang='lat' dir='ltr'><strong>hii-</strong></span> 
     </span>
     <span class='ocr_line' id='line_1_30' title="bbox 173 1733 840 1775; baseline -0.001 -9"><span class='ocrx_word' id='word_1_249' title='bbox 173 1745 232 1766; x_wconf 87' lang='lat' dir='ltr'><strong>ren</strong></span> <span class='ocrx_word' id='word_1_250' title='bbox 250 1735 345 1765; x_wconf 66' lang='lat' dir='ltr'><strong>kann,</strong></span> <span class='ocrx_word' id='word_1_251' title='bbox 363 1752 407 1757; x_wconf 87' lang='lat'><strong>--</strong></span> <span class='ocrx_word' id='word_1_252' title='bbox 425 1736 457 1765; x_wconf 83' lang='lat' dir='ltr'><strong>z&#39;n</strong></span> <span class='ocrx_word' id='word_1_253' title='bbox 480 1735 570 1765; x_wconf 81' lang='lat' dir='ltr'><strong>subs.</strong></span> <span class='ocrx_word' id='word_1_254' title='bbox 583 1758 591 1773; x_wconf 91' lang='lat'><strong>,</strong></span> <span class='ocrx_word' id='word_1_255' title='bbox 614 1734 664 1765; x_wconf 85' lang='lat' dir='ltr'><strong>als</strong></span> <span class='ocrx_word' id='word_1_256' title='bbox 682 1733 840 1775; x_wconf 78' lang='lat' dir='ltr'><strong>Reserve,</strong></span> 
     </span>
     <span class='ocr_line' id='line_1_31' title="bbox 174 1777 841 1820; baseline -0.001 -10"><span class='ocrx_word' id='word_1_257' title='bbox 174 1779 449 1811; x_wconf 87' lang='lat' dir='ltr'><strong>wahrscheinlich</strong></span> <span class='ocrx_word' id='word_1_258' title='bbox 466 1779 562 1811; x_wconf 88' lang='lat' dir='ltr'><strong>stand</strong></span> <span class='ocrx_word' id='word_1_259' title='bbox 576 1777 747 1820; x_wconf 83' lang='lat' dir='ltr'><strong>aufjedem</strong></span> <span class='ocrx_word' id='word_1_260' title='bbox 762 1778 841 1809; x_wconf 87' lang='lat' dir='ltr'><strong>Flii-</strong></span> 
     </span>
     <span class='ocr_line' id='line_1_32' title="bbox 173 1824 842 1865; baseline 0 -10"><span class='ocrx_word' id='word_1_261' title='bbox 173 1825 227 1865; x_wconf 88' lang='lat' dir='ltr'><strong>gel</strong></span> <span class='ocrx_word' id='word_1_262' title='bbox 244 1824 316 1855; x_wconf 81' lang='lat' dir='ltr'><strong>eine</strong></span> <span class='ocrx_word' id='word_1_263' title='bbox 334 1824 460 1864; x_wconf 76' lang='lat' dir='ltr'><strong>Legion</strong></span> <span class='ocrx_word' id='word_1_264' title='bbox 484 1824 548 1855; x_wconf 90' lang='lat' dir='ltr'><strong>und</strong></span> <span class='ocrx_word' id='word_1_265' title='bbox 572 1824 645 1855; x_wconf 86' lang='lat' dir='ltr'><strong>eine</strong></span> <span class='ocrx_word' id='word_1_266' title='bbox 662 1824 715 1855; x_wconf 86' lang='lat' dir='ltr'><strong>ala</strong></span> <span class='ocrx_word' id='word_1_267' title='bbox 733 1824 842 1855; x_wconf 83' lang='lat' dir='ltr'><strong>socio-</strong></span> 
     </span>
     <span class='ocr_line' id='line_1_33' title="bbox 174 1868 840 1907; baseline -0.003 -6"><span class='ocrx_word' id='word_1_268' title='bbox 174 1879 265 1907; x_wconf 78' lang='lat' dir='ltr'><strong>rum3</strong></span> <span class='ocrx_word' id='word_1_269' title='bbox 294 1869 346 1900; x_wconf 88' lang='lat' dir='ltr'><strong>die</strong></span> <span class='ocrx_word' id='word_1_270' title='bbox 375 1869 455 1900; x_wconf 78' lang='lat' dir='ltr'><strong>levis</strong></span> <span class='ocrx_word' id='word_1_271' title='bbox 483 1871 664 1900; x_wconf 70' lang='lat' dir='ltr'><strong>armatura</strong></span> <span class='ocrx_word' id='word_1_272' title='bbox 694 1869 765 1899; x_wconf 88' lang='lat' dir='ltr'><strong>sind</strong></span> <span class='ocrx_word' id='word_1_273' title='bbox 789 1868 840 1899; x_wconf 88' lang='lat' dir='ltr'><strong>die</strong></span> 
     </span>
     <span class='ocr_line' id='line_1_34' title="bbox 173 1912 841 1954; baseline -0.003 -9"><span class='ocrx_word' id='word_1_274' title='bbox 173 1913 307 1946; x_wconf 82' lang='lat' dir='ltr'><strong>Veliten</strong></span> <span class='ocrx_word' id='word_1_275' title='bbox 333 1914 397 1944; x_wconf 90' lang='lat' dir='ltr'><strong>und</strong></span> <span class='ocrx_word' id='word_1_276' title='bbox 416 1913 468 1944; x_wconf 90' lang='lat' dir='ltr'><strong>die</strong></span> <span class='ocrx_word' id='word_1_277' title='bbox 486 1912 630 1944; x_wconf 81' lang='lat' dir='ltr'><strong>f1·en1den</strong></span> <span class='ocrx_word' id='word_1_278' title='bbox 650 1912 841 1954; x_wconf 80' lang='lat' dir='ltr'><strong>Hiili&#39;strup-</strong></span> 
     </span>
     <span class='ocr_line' id='line_1_35' title="bbox 176 1957 841 2000; baseline -0.002 -11"><span class='ocrx_word' id='word_1_279' title='bbox 176 1968 235 2000; x_wconf 88' lang='lat' dir='ltr'><strong>pen</strong></span> <span class='ocrx_word' id='word_1_280' title='bbox 253 1959 332 1989; x_wconf 87' lang='lat' dir='ltr'><strong>oder</strong></span> <span class='ocrx_word' id='word_1_281' title='bbox 350 1968 411 1989; x_wconf 85' lang='lat' dir='ltr'><strong>nur</strong></span> <span class='ocrx_word' id='word_1_282' title='bbox 425 1957 477 1988; x_wconf 86' lang='lat' dir='ltr'><strong>dic</strong></span> <span class='ocrx_word' id='word_1_283' title='bbox 490 1958 665 1989; x_wconf 85' lang='lat' dir='ltr'><strong>letzteren.</strong></span> <span class='ocrx_word' id='word_1_284' title='bbox 681 1976 724 1980; x_wconf 97' lang='lat'><strong>—</strong></span> <span class='ocrx_word' id='word_1_285' title='bbox 738 1957 841 1997; x_wconf 49' lang='lat' dir='ltr'><strong>vacht,</strong></span> 
     </span>
     <span class='ocr_line' id='line_1_36' title="bbox 175 1999 841 2047; baseline 0 -13"><span class='ocrx_word' id='word_1_286' title='bbox 175 1999 279 2047; x_wconf 77' lang='grc' dir='ltr'>ἐπῄει</span> <span class='ocrx_word' id='word_1_287' title='bbox 304 2003 487 2044; x_wconf 81' lang='grc' dir='ltr'>σοβαρῶς,</span> <span class='ocrx_word' id='word_1_288' title='bbox 515 2003 583 2041; x_wconf 83' lang='lat' dir='ltr'><strong>vgl.</strong></span> <span class='ocrx_word' id='word_1_289' title='bbox 609 2002 639 2041; x_wconf 83' lang='lat'><strong>2,</strong></span> <span class='ocrx_word' id='word_1_290' title='bbox 668 2002 717 2043; x_wconf 86' lang='lat'><strong>10,</strong></span> <span class='ocrx_word' id='word_1_291' title='bbox 743 2004 774 2034; x_wconf 86' lang='lat'><strong>5.</strong></span> <span class='ocrx_word' id='word_1_292' title='bbox 799 2020 841 2024; x_wconf 85' lang='lat'>—</span> 
     </span>
     <span class='ocr_line' id='line_1_37' title="bbox 174 2047 840 2090; baseline -0.003 -11"><span class='ocrx_word' id='word_1_293' title='bbox 174 2047 273 2090; x_wconf 75' lang='lat' dir='ltr'><strong>Epiri</strong></span> <span class='ocrx_word' id='word_1_294' title='bbox 294 2047 336 2089; x_wconf 65' lang='lat' dir='ltr'><strong>f„</strong></span> <span class='ocrx_word' id='word_1_295' title='bbox 361 2058 375 2078; x_wconf 88' lang='lat' dir='ltr'><strong>s</strong></span> <span class='ocrx_word' id='word_1_296' title='bbox 413 2047 466 2086; x_wconf 83' lang='grc'><strong>32,</strong></span> <span class='ocrx_word' id='word_1_297' title='bbox 493 2048 523 2084; x_wconf 84' lang='grc'><strong>5,</strong></span> <span class='ocrx_word' id='word_1_298' title='bbox 546 2047 580 2077; x_wconf 91' lang='grc'><strong>9.-</strong></span> <span class='ocrx_word' id='word_1_299' title='bbox 599 2064 643 2069; x_wconf 87' lang='lat'><strong>-—</strong></span> <span class='ocrx_word' id='word_1_300' title='bbox 667 2048 753 2078; x_wconf 73' lang='lat' dir='ltr'><strong>victa</strong></span> <span class='ocrx_word' id='word_1_301' title='bbox 778 2058 840 2078; x_wconf 92' lang='lat' dir='ltr'><strong>von</strong></span> 
     </span>
     <span class='ocr_line' id='line_1_38' title="bbox 175 2091 841 2134; baseline -0.003 -10"><span class='ocrx_word' id='word_1_302' title='bbox 175 2092 450 2134; x_wconf 78' lang='lat' dir='ltr'><strong>unpersiinlichen</strong></span> <span class='ocrx_word' id='word_1_303' title='bbox 483 2092 626 2132; x_wconf 80' lang='lat' dir='ltr'><strong>Dingen,</strong></span> <span class='ocrx_word' id='word_1_304' title='bbox 660 2092 728 2132; x_wconf 86' lang='lat' dir='ltr'><strong>vgl.</strong></span> <span class='ocrx_word' id='word_1_305' title='bbox 762 2091 841 2122; x_wconf 85' lang='lat' dir='ltr'><strong>Tac.</strong></span> 
     </span>
     <span class='ocr_line' id='line_1_39' title="bbox 175 2136 841 2178; baseline -0.002 -10"><span class='ocrx_word' id='word_1_306' title='bbox 175 2137 255 2178; x_wconf 84' lang='lat' dir='ltr'><strong>Agr.</strong></span> <span class='ocrx_word' id='word_1_307' title='bbox 282 2137 341 2169; x_wconf 84' lang='lat'><strong>25:</strong></span> <span class='ocrx_word' id='word_1_308' title='bbox 365 2139 473 2168; x_wconf 63' lang='lat' dir='ltr'><strong>victus</strong></span> <span class='ocrx_word' id='word_1_309' title='bbox 498 2136 663 2174; x_wconf 76' lang='lat' dir='ltr'><strong>Oceanus,</strong></span> <span class='ocrx_word' id='word_1_310' title='bbox 687 2136 755 2176; x_wconf 83' lang='lat' dir='ltr'><strong>vgl.</strong></span> <span class='ocrx_word' id='word_1_311' title='bbox 781 2147 841 2167; x_wconf 66' lang='lat' dir='ltr'><strong>em—</strong></span> 
     </span>
     <span class='ocr_line' id='line_1_40' title="bbox 172 2180 842 2225; baseline -0.003 -12"><span class='ocrx_word' id='word_1_312' title='bbox 172 2193 292 2225; x_wconf 57' lang='lat' dir='ltr'><strong>pugn„</strong></span> <span class='ocrx_word' id='word_1_313' title='bbox 316 2181 369 2224; x_wconf 84' lang='grc'><strong>23,</strong></span> <span class='ocrx_word' id='word_1_314' title='bbox 394 2183 446 2220; x_wconf 87' lang='grc'><strong>30,</strong></span> <span class='ocrx_word' id='word_1_315' title='bbox 472 2182 501 2212; x_wconf 88' lang='grc'><strong>2.</strong></span> <span class='ocrx_word' id='word_1_316' title='bbox 526 2199 570 2204; x_wconf 84' lang='lat'><strong>-—</strong></span> <span class='ocrx_word' id='word_1_317' title='bbox 593 2183 624 2212; x_wconf 79' lang='grc' dir='ltr'><strong>ἰη</strong></span> <span class='ocrx_word' id='word_1_318' title='bbox 644 2180 681 2212; x_wconf 91' lang='grc' dir='ltr'><strong>Ε.</strong></span> <span class='ocrx_word' id='word_1_319' title='bbox 698 2180 764 2222; x_wconf 81' lang='lat' dir='ltr'><strong>ad,</strong></span> <span class='ocrx_word' id='word_1_320' title='bbox 790 2181 842 2223; x_wconf 83' lang='lat'><strong>31,</strong></span> 
     </span>
     <span class='ocr_line' id='line_1_41' title="bbox 176 2226 840 2267; baseline -0.003 -9"><span class='ocrx_word' id='word_1_321' title='bbox 176 2227 228 2267; x_wconf 86' lang='grc'><strong>39,</strong></span> <span class='ocrx_word' id='word_1_322' title='bbox 254 2228 290 2265; x_wconf 77' lang='lat'><strong>73</strong></span> <span class='ocrx_word' id='word_1_323' title='bbox 321 2227 362 2258; x_wconf 91' lang='lat' dir='ltr'><strong>ib.</strong></span> <span class='ocrx_word' id='word_1_324' title='bbox 387 2227 442 2265; x_wconf 82' lang='grc'><strong>40,</strong></span> <span class='ocrx_word' id='word_1_325' title='bbox 469 2226 495 2257; x_wconf 92' lang='grc'>1.</span> <span class='ocrx_word' id='word_1_326' title='bbox 521 2245 563 2248; x_wconf 83' lang='grc'>-</span> <span class='ocrx_word' id='word_1_327' title='bbox 587 2226 685 2267; x_wconf 80' lang='lat' dir='ltr'><strong>fama</strong></span> <span class='ocrx_word' id='word_1_328' title='bbox 705 2244 726 2248; x_wconf 86' lang='lat'>-</span> <span class='ocrx_word' id='word_1_329' title='bbox 749 2236 840 2257; x_wconf 73' lang='lat' dir='ltr'><strong>eran.</strong></span> 
     </span>
     <span class='ocr_line' id='line_1_42' title="bbox 176 2269 842 2312; baseline -0.002 -10"><span class='ocrx_word' id='word_1_330' title='bbox 176 2272 232 2302; x_wconf 83' lang='lat' dir='ltr'><strong>hat</strong></span> <span class='ocrx_word' id='word_1_331' title='bbox 264 2270 300 2302; x_wconf 92' lang='lat' dir='ltr'><strong>L.</strong></span> <span class='ocrx_word' id='word_1_332' title='bbox 336 2275 524 2312; x_wconf 80' lang='lat' dir='ltr'><strong>zugesetzt,</strong></span> <span class='ocrx_word' id='word_1_333' title='bbox 559 2270 626 2301; x_wconf 88' lang='lat' dir='ltr'><strong>Pol.</strong></span> <span class='ocrx_word' id='word_1_334' title='bbox 662 2269 759 2301; x_wconf 84' lang='lat' dir='ltr'><strong>dafiir</strong></span> <span class='ocrx_word' id='word_1_335' title='bbox 792 2271 842 2301; x_wconf 87' lang='lat' dir='ltr'><strong>die</strong></span> 
     </span>
     <span class='ocr_line' id='line_1_43' title="bbox 175 2314 840 2357; baseline -0.003 -10"><span class='ocrx_word' id='word_1_336' title='bbox 175 2314 425 2357; x_wconf 85' lang='lat' dir='ltr'><strong>Aufforderung</strong></span> <span class='ocrx_word' id='word_1_337' title='bbox 462 2314 571 2357; x_wconf 81' lang='lat' dir='ltr'><strong>tapfcr</strong></span> <span class='ocrx_word' id='word_1_338' title='bbox 603 2327 644 2346; x_wconf 90' lang='lat' dir='ltr'><strong>zu</strong></span> <span class='ocrx_word' id='word_1_339' title='bbox 678 2314 840 2357; x_wconf 68' lang='lat' dir='ltr'><strong>kiiinpfen.</strong></span> 
     </span>
     <span class='ocr_line' id='line_1_44' title="bbox 176 2360 842 2403; baseline -0.002 -11"><span class='ocrx_word' id='word_1_340' title='bbox 176 2379 218 2382; x_wconf 89' lang='lat'><strong>——</strong></span> <span class='ocrx_word' id='word_1_341' title='bbox 249 2361 346 2403; x_wconf 76' lang='lat' dir='ltr'><strong>fama</strong></span> <span class='ocrx_word' id='word_1_342' title='bbox 382 2363 515 2392; x_wconf 75' lang='lat' dir='ltr'><strong>stetisse</strong></span> <span class='ocrx_word' id='word_1_343' title='bbox 544 2365 626 2400; x_wconf 66' lang='lat' dir='ltr'><strong>etc,</strong></span> <span class='ocrx_word' id='word_1_344' title='bbox 660 2360 736 2391; x_wconf 79' lang='lat' dir='ltr'><strong>weil</strong></span> <span class='ocrx_word' id='word_1_345' title='bbox 769 2371 842 2391; x_wconf 79' lang='lat' dir='ltr'><strong>inan</strong></span> 
     </span>
     <span class='ocr_line' id='line_1_45' title="bbox 178 2405 844 2447; baseline -0.002 -11"><span class='ocrx_word' id='word_1_346' title='bbox 178 2406 268 2436; x_wconf 87' lang='lat' dir='ltr'><strong>seine</strong></span> <span class='ocrx_word' id='word_1_347' title='bbox 297 2406 423 2447; x_wconf 83' lang='lat' dir='ltr'><strong>jetzige</strong></span> <span class='ocrx_word' id='word_1_348' title='bbox 454 2405 631 2437; x_wconf 73' lang='lat' dir='ltr'><strong>Schwiiche</strong></span> <span class='ocrx_word' id='word_1_349' title='bbox 665 2406 755 2436; x_wconf 82' lang='lat' dir='ltr'><strong>nicht</strong></span> <span class='ocrx_word' id='word_1_350' title='bbox 787 2415 844 2446; x_wconf 80' lang='lat' dir='ltr'><strong>ge-</strong></span> 
     </span>
     <span class='ocr_line' id='line_1_46' title="bbox 178 2449 843 2490; baseline 0 -10"><span class='ocrx_word' id='word_1_351' title='bbox 178 2450 296 2490; x_wconf 80' lang='lat' dir='ltr'><strong>kannt,</strong></span> <span class='ocrx_word' id='word_1_352' title='bbox 337 2462 371 2482; x_wconf 83' lang='lat' dir='ltr'><strong>es</strong></span> <span class='ocrx_word' id='word_1_353' title='bbox 413 2451 495 2481; x_wconf 82' lang='lat' dir='ltr'><strong>nach</strong></span> <span class='ocrx_word' id='word_1_354' title='bbox 538 2450 649 2481; x_wconf 76' lang='lat' dir='ltr'><strong>seiher</strong></span> <span class='ocrx_word' id='word_1_355' title='bbox 686 2449 843 2481; x_wconf 84' lang='lat' dir='ltr'><strong>friiheren</strong></span> 
     </span>
     <span class='ocr_line' id='line_1_47' title="bbox 181 2494 844 2536; baseline 0 -11"><span class='ocrx_word' id='word_1_356' title='bbox 181 2494 304 2525; x_wconf 72' lang='lat' dir='ltr'><strong>Griissc</strong></span> <span class='ocrx_word' id='word_1_357' title='bbox 335 2495 508 2536; x_wconf 75' lang='lat' dir='ltr'><strong>geschiitzt</strong></span> <span class='ocrx_word' id='word_1_358' title='bbox 537 2495 635 2532; x_wconf 82' lang='lat' dir='ltr'><strong>habe,</strong></span> <span class='ocrx_word' id='word_1_359' title='bbox 669 2495 736 2536; x_wconf 78' lang='lat' dir='ltr'><strong>vgl.</strong></span> <span class='ocrx_word' id='word_1_360' title='bbox 772 2505 844 2525; x_wconf 88' lang='lat' dir='ltr'><strong>zum</strong></span> 
     </span>
     <span class='ocr_line' id='line_1_48' title="bbox 180 2537 844 2580; baseline 0.003 -11"><span class='ocrx_word' id='word_1_361' title='bbox 180 2537 357 2570; x_wconf 82' lang='lat' dir='ltr'><strong>Gedankcn</strong></span> <span class='ocrx_word' id='word_1_362' title='bbox 383 2540 435 2580; x_wconf 71' lang='lat'><strong>28,</strong></span> <span class='ocrx_word' id='word_1_363' title='bbox 459 2541 511 2579; x_wconf 78' lang='lat'><strong>44,</strong></span> <span class='ocrx_word' id='word_1_364' title='bbox 537 2540 574 2578; x_wconf 86' lang='lat'><strong>33</strong></span> <span class='ocrx_word' id='word_1_365' title='bbox 605 2539 687 2570; x_wconf 64' lang='lat' dir='ltr'><strong>iib*r</strong></span> <span class='ocrx_word' id='word_1_366' title='bbox 711 2542 844 2571; x_wconf 74' lang='lat' dir='ltr'><strong>stetisse</strong></span> 
     </span>
     <span class='ocr_line' id='line_1_49' title="bbox 179 2584 843 2624; baseline 0.002 -10"><span class='ocrx_word' id='word_1_367' title='bbox 179 2584 232 2624; x_wconf 79' lang='grc'><strong>23,</strong></span> <span class='ocrx_word' id='word_1_368' title='bbox 251 2584 305 2624; x_wconf 89' lang='grc'><strong>48,</strong></span> <span class='ocrx_word' id='word_1_369' title='bbox 323 2585 358 2624; x_wconf 77' lang='grc'><strong>9,</strong></span> <span class='ocrx_word' id='word_1_370' title='bbox 378 2585 406 2624; x_wconf 83' lang='grc'><strong>4,</strong></span> <span class='ocrx_word' id='word_1_371' title='bbox 427 2585 456 2624; x_wconf 91' lang='grc'><strong>3,</strong></span> <span class='ocrx_word' id='word_1_372' title='bbox 476 2585 506 2617; x_wconf 87' lang='lat'><strong>7.</strong></span> <span class='ocrx_word' id='word_1_373' title='bbox 524 2602 566 2608; x_wconf 74' lang='lat'>—</span> <span class='ocrx_word' id='word_1_374' title='bbox 584 2594 673 2624; x_wconf 80' lang='lat' dir='ltr'><strong>suos,</strong></span> <span class='ocrx_word' id='word_1_375' title='bbox 698 2585 774 2616; x_wconf 89' lang='lat' dir='ltr'><strong>weil</strong></span> <span class='ocrx_word' id='word_1_376' title='bbox 792 2585 843 2616; x_wconf 87' lang='lat' dir='ltr'><strong>bei</strong></span> 
     </span>
    </p>
   </div>
   <div class='ocr_carea' id='block_1_5' title="bbox 909 1464 1581 2626">
    <p class='ocr_par' dir='ltr' id='par_1_12' title="bbox 909 1464 1580 1819">
     <span class='ocr_line' id='line_1_50' title="bbox 909 1464 1579 1508; baseline 0 -12"><span class='ocrx_word' id='word_1_377' title='bbox 909 1467 1108 1508; x_wconf 75' lang='lat' dir='ltr'><strong>perventum</strong></span> <span class='ocrx_word' id='word_1_378' title='bbox 1134 1475 1172 1496; x_wconf 88' lang='lat' dir='ltr'><strong>an</strong></span> <span class='ocrx_word' id='word_1_379' title='bbox 1199 1464 1373 1506; x_wconf 83' lang='lat' dir='ltr'><strong>Quinctius</strong></span> <span class='ocrx_word' id='word_1_380' title='bbox 1400 1466 1464 1496; x_wconf 90' lang='lat' dir='ltr'><strong>und</strong></span> <span class='ocrx_word' id='word_1_381' title='bbox 1488 1465 1579 1497; x_wconf 81' lang='lat' dir='ltr'><strong>scine</strong></span> 
     </span>
     <span class='ocr_line' id='line_1_51' title="bbox 913 1509 1580 1553; baseline 0 -12"><span class='ocrx_word' id='word_1_382' title='bbox 913 1509 1067 1551; x_wconf 87' lang='lat' dir='ltr'><strong>Truppen</strong></span> <span class='ocrx_word' id='word_1_383' title='bbox 1100 1521 1140 1541; x_wconf 90' lang='lat' dir='ltr'><strong>zu</strong></span> <span class='ocrx_word' id='word_1_384' title='bbox 1171 1511 1299 1541; x_wconf 85' lang='lat' dir='ltr'><strong>denken</strong></span> <span class='ocrx_word' id='word_1_385' title='bbox 1329 1510 1373 1541; x_wconf 87' lang='lat' dir='ltr'><strong>ist</strong></span> <span class='ocrx_word' id='word_1_386' title='bbox 1402 1511 1580 1553; x_wconf 77' lang='lat' dir='ltr'><strong>(pervene-</strong></span> 
     </span>
     <span class='ocr_line' id='line_1_52' title="bbox 914 1554 1580 1596; baseline -0.002 -9"><span class='ocrx_word' id='word_1_387' title='bbox 914 1558 1016 1594; x_wconf 76' lang='lat' dir='ltr'><strong>rant).</strong></span> <span class='ocrx_word' id='word_1_388' title='bbox 1035 1573 1080 1578; x_wconf 87' lang='lat'><strong>—-</strong></span> <span class='ocrx_word' id='word_1_389' title='bbox 1101 1557 1169 1587; x_wconf 74' lang='lat' dir='ltr'><strong>ima</strong></span> <span class='ocrx_word' id='word_1_390' title='bbox 1190 1565 1227 1596; x_wconf 84' lang='lat' dir='ltr'><strong>v.,</strong></span> <span class='ocrx_word' id='word_1_391' title='bbox 1251 1556 1298 1586; x_wconf 89' lang='lat' dir='ltr'><strong>sie</strong></span> <span class='ocrx_word' id='word_1_392' title='bbox 1316 1555 1388 1586; x_wconf 88' lang='lat' dir='ltr'><strong>sind</strong></span> <span class='ocrx_word' id='word_1_393' title='bbox 1405 1555 1476 1587; x_wconf 89' lang='lat' dir='ltr'><strong>also</strong></span> <span class='ocrx_word' id='word_1_394' title='bbox 1496 1554 1580 1587; x_wconf 88' lang='lat' dir='ltr'><strong>noch</strong></span> 
     </span>
     <span class='ocr_line' id='line_1_53' title="bbox 913 1599 1578 1641; baseline 0.002 -11"><span class='ocrx_word' id='word_1_395' title='bbox 913 1599 1032 1631; x_wconf 86' lang='lat' dir='ltr'><strong>weiter</strong></span> <span class='ocrx_word' id='word_1_396' title='bbox 1052 1600 1330 1641; x_wconf 76' lang='lat' dir='ltr'><strong>herabgedr&#39;angt,</strong></span> <span class='ocrx_word' id='word_1_397' title='bbox 1359 1610 1385 1631; x_wconf 88' lang='lat' dir='ltr'><strong>s.</strong></span> <span class='ocrx_word' id='word_1_398' title='bbox 1411 1610 1438 1632; x_wconf 89' lang='lat' dir='ltr'><strong>c.</strong></span> <span class='ocrx_word' id='word_1_399' title='bbox 1459 1600 1490 1639; x_wconf 86' lang='lat'><strong>7,</strong></span> <span class='ocrx_word' id='word_1_400' title='bbox 1519 1599 1578 1639; x_wconf 74' lang='lat'><strong>123</strong></span> 
     </span>
     <span class='ocr_line' id='line_1_54' title="bbox 913 1642 1580 1687; baseline 0.003 -12"><span class='ocrx_word' id='word_1_401' title='bbox 913 1644 1030 1687; x_wconf 79' lang='lat' dir='ltr'><strong>Polyb.</strong></span> <span class='ocrx_word' id='word_1_402' title='bbox 1058 1642 1292 1677; x_wconf 63' lang='lat' dir='ltr'><strong>Mauedo&#39;vwv</strong></span> <span class='ocrx_word' id='word_1_403' title='bbox 1316 1644 1379 1677; x_wconf 76' lang='grc' dir='ltr'><strong>ἐπὶ</strong></span> <span class='ocrx_word' id='word_1_404' title='bbox 1402 1642 1499 1676; x_wconf 79' lang='grc' dir='ltr'><em>πολὺ</em></span> <span class='ocrx_word' id='word_1_405' title='bbox 1524 1655 1580 1677; x_wconf 85' lang='grc' dir='ltr'><strong>τε-</strong></span> 
     </span>
     <span class='ocr_line' id='line_1_55' title="bbox 913 1686 1580 1733; baseline -0.001 -12"><span class='ocrx_word' id='word_1_406' title='bbox 913 1686 1106 1733; x_wconf 78' lang='grc' dir='ltr'><em>θλιφότων</em></span> <span class='ocrx_word' id='word_1_407' title='bbox 1122 1687 1206 1725; x_wconf 78' lang='grc' dir='ltr'><em>τοὺς</em></span> <span class='ocrx_word' id='word_1_408' title='bbox 1219 1688 1420 1733; x_wconf 84' lang='grc' dir='ltr'><em>Ῥωμαίους</em></span> <span class='ocrx_word' id='word_1_409' title='bbox 1433 1687 1496 1721; x_wconf 72' lang='grc' dir='ltr'><strong>ἐπὶ</strong></span> <span class='ocrx_word' id='word_1_410' title='bbox 1509 1686 1580 1721; x_wconf 77' lang='grc' dir='ltr'><strong>θοὶ-</strong></span> 
     </span>
     <span class='ocr_line' id='line_1_56' title="bbox 913 1731 1579 1779; baseline 0.002 -14"><span class='ocrx_word' id='word_1_411' title='bbox 913 1745 999 1779; x_wconf 75' lang='grc' dir='ltr'><strong>τερα</strong></span> <span class='ocrx_word' id='word_1_412' title='bbox 1019 1734 1111 1778; x_wconf 77' lang='grc' dir='ltr'><strong>μέρη</strong></span> <span class='ocrx_word' id='word_1_413' title='bbox 1126 1734 1198 1767; x_wconf 82' lang='grc' dir='ltr'><strong>τῶν</strong></span> <span class='ocrx_word' id='word_1_414' title='bbox 1212 1731 1350 1779; x_wconf 77' lang='grc' dir='ltr'><em>λόφων.</em></span> <span class='ocrx_word' id='word_1_415' title='bbox 1365 1753 1410 1757; x_wconf 92' lang='grc'><strong>-</strong></span> <span class='ocrx_word' id='word_1_416' title='bbox 1422 1735 1512 1776; x_wconf 74' lang='lat' dir='ltr'><strong>qui·</strong></span> <span class='ocrx_word' id='word_1_417' title='bbox 1524 1744 1579 1766; x_wconf 79' lang='lat' dir='ltr'><strong>re-</strong></span> 
     </span>
     <span class='ocr_line' id='line_1_57' title="bbox 913 1779 1191 1819; baseline 0.004 -9"><span class='ocrx_word' id='word_1_418' title='bbox 913 1789 999 1819; x_wconf 81' lang='grc' dir='ltr'>ηου.,</span> <span class='ocrx_word' id='word_1_419' title='bbox 1019 1779 1071 1819; x_wconf 91' lang='grc'><strong>21,</strong></span> <span class='ocrx_word' id='word_1_420' title='bbox 1091 1780 1142 1819; x_wconf 86' lang='grc'><strong>29,</strong></span> <span class='ocrx_word' id='word_1_421' title='bbox 1161 1779 1191 1811; x_wconf 88' lang='grc'><strong>6.</strong></span> 
     </span>
    </p>

    <p class='ocr_par' dir='ltr' id='par_1_13' title="bbox 911 1824 1581 2626">
     <span class='ocr_line' id='line_1_58' title="bbox 961 1824 1580 1864; baseline 0.002 -10"><span class='ocrx_word' id='word_1_422' title='bbox 961 1824 1059 1855; x_wconf 91' lang='lat'><strong>7—12.</strong></span> <span class='ocrx_word' id='word_1_423' title='bbox 1091 1826 1244 1864; x_wconf 59' lang='lat' dir='ltr'><strong>caelrat„</strong></span> <span class='ocrx_word' id='word_1_424' title='bbox 1262 1835 1288 1855; x_wconf 88' lang='lat' dir='ltr'><strong>c.</strong></span> <span class='ocrx_word' id='word_1_425' title='bbox 1306 1824 1338 1863; x_wconf 88' lang='grc'>4,</span> <span class='ocrx_word' id='word_1_426' title='bbox 1356 1824 1386 1855; x_wconf 92' lang='grc'><strong>4.</strong></span> <span class='ocrx_word' id='word_1_427' title='bbox 1405 1842 1449 1846; x_wconf 90' lang='grc'><strong>-</strong></span> <span class='ocrx_word' id='word_1_428' title='bbox 1465 1833 1580 1864; x_wconf 77' lang='lat' dir='ltr'><strong>cornu,</strong></span> 
     </span>
     <span class='ocr_line' id='line_1_59' title="bbox 914 1865 1580 1912; baseline 0 -13"><span class='ocrx_word' id='word_1_429' title='bbox 914 1865 955 1899; x_wconf 79' lang='grc' dir='ltr'><strong>τὸ</strong></span> <span class='ocrx_word' id='word_1_430' title='bbox 975 1867 1097 1905; x_wconf 77' lang='grc' dir='ltr'><em>δεξιὸν</em></span> <span class='ocrx_word' id='word_1_431' title='bbox 1110 1870 1171 1909; x_wconf 80' lang='grc' dir='ltr'><strong>τῆς</strong></span> <span class='ocrx_word' id='word_1_432' title='bbox 1184 1867 1388 1912; x_wconf 69' lang='grc' dir='ltr'>φάλαγγος,</span> <span class='ocrx_word' id='word_1_433' title='bbox 1406 1868 1477 1899; x_wconf 82' lang='lat' dir='ltr'><strong>also</strong></span> <span class='ocrx_word' id='word_1_434' title='bbox 1493 1868 1580 1900; x_wconf 84' lang='lat'><strong>8000</strong></span> 
     </span>
     <span class='ocr_line' id='line_1_60' title="bbox 915 1912 1579 1954; baseline 0 -10"><span class='ocrx_word' id='word_1_435' title='bbox 915 1912 1023 1953; x_wconf 83' lang='lat' dir='ltr'><strong>Mann,</strong></span> <span class='ocrx_word' id='word_1_436' title='bbox 1046 1912 1083 1944; x_wconf 85' lang='lat' dir='ltr'><strong>L.</strong></span> <span class='ocrx_word' id='word_1_437' title='bbox 1109 1924 1135 1944; x_wconf 91' lang='lat' dir='ltr'><strong>c.</strong></span> <span class='ocrx_word' id='word_1_438' title='bbox 1156 1914 1186 1953; x_wconf 87' lang='lat'><strong>9,</strong></span> <span class='ocrx_word' id='word_1_439' title='bbox 1212 1913 1240 1944; x_wconf 90' lang='lat'><strong>3.</strong></span> <span class='ocrx_word' id='word_1_440' title='bbox 1259 1931 1300 1935; x_wconf 97' lang='lat'><strong>—</strong></span> <span class='ocrx_word' id='word_1_441' title='bbox 1320 1923 1430 1954; x_wconf 76' lang='lat' dir='ltr'><strong>qnam,</strong></span> <span class='ocrx_word' id='word_1_442' title='bbox 1456 1923 1481 1944; x_wconf 93' lang='lat' dir='ltr'><strong>s.</strong></span> <span class='ocrx_word' id='word_1_443' title='bbox 1501 1923 1529 1944; x_wconf 91' lang='lat' dir='ltr'><strong>c.</strong></span> <span class='ocrx_word' id='word_1_444' title='bbox 1548 1913 1579 1954; x_wconf 88' lang='lat'><strong>7,</strong></span> 
     </span>
     <span class='ocr_line' id='line_1_61' title="bbox 915 1957 1581 1999; baseline 0 -10"><span class='ocrx_word' id='word_1_445' title='bbox 915 1958 952 1995; x_wconf 82' lang='lat'><strong>3;</strong></span> <span class='ocrx_word' id='word_1_446' title='bbox 982 1957 1040 1999; x_wconf 85' lang='lat'><strong>32,</strong></span> <span class='ocrx_word' id='word_1_447' title='bbox 1068 1958 1123 1997; x_wconf 88' lang='grc'><strong>17,</strong></span> <span class='ocrx_word' id='word_1_448' title='bbox 1156 1958 1214 1997; x_wconf 76' lang='lat'><strong>11,</strong></span> <span class='ocrx_word' id='word_1_449' title='bbox 1244 1957 1332 1999; x_wconf 74' lang='lat' dir='ltr'><strong>qnod</strong></span> <span class='ocrx_word' id='word_1_450' title='bbox 1358 1958 1480 1989; x_wconf 80' lang='lat' dir='ltr'><strong>konnte</strong></span> <span class='ocrx_word' id='word_1_451' title='bbox 1507 1957 1581 1989; x_wconf 82' lang='lat' dir='ltr'><strong>hier</strong></span> 
     </span>
     <span class='ocr_line' id='line_1_62' title="bbox 916 2003 1578 2045; baseline 0 -11"><span class='ocrx_word' id='word_1_452' title='bbox 916 2003 1007 2034; x_wconf 84' lang='lat' dir='ltr'><strong>nicht</strong></span> <span class='ocrx_word' id='word_1_453' title='bbox 1030 2003 1117 2033; x_wconf 85' lang='lat' dir='ltr'><strong>wohl</strong></span> <span class='ocrx_word' id='word_1_454' title='bbox 1147 2003 1272 2034; x_wconf 86' lang='lat' dir='ltr'><strong>stehen.</strong></span> <span class='ocrx_word' id='word_1_455' title='bbox 1296 2020 1340 2025; x_wconf 89' lang='lat'><strong>—</strong></span> <span class='ocrx_word' id='word_1_456' title='bbox 1360 2012 1466 2045; x_wconf 80' lang='lat' dir='ltr'><strong>prope</strong></span> <span class='ocrx_word' id='word_1_457' title='bbox 1489 2012 1528 2043; x_wconf 84' lang='lat' dir='ltr'><strong>c.,</strong></span> <span class='ocrx_word' id='word_1_458' title='bbox 1551 2012 1578 2034; x_wconf 87' lang='lat' dir='ltr'><strong>s.</strong></span> 
     </span>
     <span class='ocr_line' id='line_1_63' title="bbox 916 2046 1580 2091; baseline 0.005 -13"><span class='ocrx_word' id='word_1_459' title='bbox 916 2048 969 2087; x_wconf 84' lang='grc'><strong>31,</strong></span> <span class='ocrx_word' id='word_1_460' title='bbox 988 2047 1040 2087; x_wconf 74' lang='lat'><strong>24,</strong></span> <span class='ocrx_word' id='word_1_461' title='bbox 1061 2048 1091 2087; x_wconf 88' lang='lat'><strong>2,</strong></span> <span class='ocrx_word' id='word_1_462' title='bbox 1111 2046 1298 2090; x_wconf 83' lang='grc' dir='ltr'>σύντομον</span> <span class='ocrx_word' id='word_1_463' title='bbox 1316 2046 1543 2091; x_wconf 77' lang='grc' dir='ltr'><em>ποιούμενος</em></span> <span class='ocrx_word' id='word_1_464' title='bbox 1557 2065 1580 2070; x_wconf 99' lang='grc'><strong>-</strong></span> 
     </span>
     <span class='ocr_line' id='line_1_64' title="bbox 914 2089 1577 2135; baseline 0 -12"><span class='ocrx_word' id='word_1_465' title='bbox 914 2089 980 2133; x_wconf 82' lang='grc' dir='ltr'><strong>τὴν</strong></span> <span class='ocrx_word' id='word_1_466' title='bbox 997 2090 1188 2134; x_wconf 77' lang='grc' dir='ltr'>ἀνάβασιν.</span> <span class='ocrx_word' id='word_1_467' title='bbox 1202 2110 1246 2115; x_wconf 88' lang='grc'><strong>--</strong></span> <span class='ocrx_word' id='word_1_468' title='bbox 1262 2102 1308 2123; x_wconf 73' lang='lat' dir='ltr'><strong>ecc</strong></span> <span class='ocrx_word' id='word_1_469' title='bbox 1321 2102 1434 2135; x_wconf 78' lang='lat' dir='ltr'><strong>purp.‚</strong></span> <span class='ocrx_word' id='word_1_470' title='bbox 1453 2092 1506 2134; x_wconf 83' lang='lat'><strong>31,</strong></span> <span class='ocrx_word' id='word_1_471' title='bbox 1524 2091 1577 2133; x_wconf 87' lang='lat'><strong>35,</strong></span> 
     </span>
     <span class='ocr_line' id='line_1_65' title="bbox 918 2136 1577 2180; baseline 0 -12"><span class='ocrx_word' id='word_1_472' title='bbox 918 2137 946 2168; x_wconf 93' lang='lat'><strong>1.</strong></span> <span class='ocrx_word' id='word_1_473' title='bbox 977 2155 1019 2159; x_wconf 89' lang='lat'>—</span> <span class='ocrx_word' id='word_1_474' title='bbox 1047 2139 1158 2180; x_wconf 71' lang='lat' dir='ltr'><strong>primo</strong></span> <span class='ocrx_word' id='word_1_475' title='bbox 1186 2156 1207 2160; x_wconf 40' lang='lat' dir='ltr'><strong><em>m</em></strong></span> <span class='ocrx_word' id='word_1_476' title='bbox 1234 2147 1317 2168; x_wconf 71' lang='lat' dir='ltr'><strong>moa·</strong></span> <span class='ocrx_word' id='word_1_477' title='bbox 1346 2156 1365 2159; x_wconf 98' lang='lat'><strong>—</strong></span> <span class='ocrx_word' id='word_1_478' title='bbox 1389 2136 1518 2173; x_wconf 72' lang='lat' dir='ltr'><strong>deinde,</strong></span> <span class='ocrx_word' id='word_1_479' title='bbox 1550 2146 1577 2168; x_wconf 89' lang='lat' dir='ltr'><strong>s.</strong></span> 
     </span>
     <span class='ocr_line' id='line_1_66' title="bbox 916 2180 1577 2225; baseline 0.002 -13"><span class='ocrx_word' id='word_1_480' title='bbox 916 2181 1006 2213; x_wconf 86' lang='lat' dir='ltr'><strong>Curt.</strong></span> <span class='ocrx_word' id='word_1_481' title='bbox 1027 2182 1058 2221; x_wconf 82' lang='lat'><strong>9,</strong></span> <span class='ocrx_word' id='word_1_482' title='bbox 1077 2183 1129 2221; x_wconf 77' lang='lat'><strong>37,</strong></span> <span class='ocrx_word' id='word_1_483' title='bbox 1145 2183 1202 2214; x_wconf 86' lang='lat'><strong>25:</strong></span> <span class='ocrx_word' id='word_1_484' title='bbox 1217 2183 1330 2225; x_wconf 79' lang='lat' dir='ltr'><strong>primo</strong></span> <span class='ocrx_word' id='word_1_485' title='bbox 1347 2200 1368 2204; x_wconf 76' lang='lat'>—</span> <span class='ocrx_word' id='word_1_486' title='bbox 1384 2192 1481 2221; x_wconf 67' lang='lat' dir='ltr'><strong>moa-3</strong></span> <span class='ocrx_word' id='word_1_487' title='bbox 1500 2180 1577 2213; x_wconf 82' lang='lat' dir='ltr'><strong>Tae.</strong></span> 
     </span>
     <span class='ocr_line' id='line_1_67' title="bbox 915 2226 1580 2270; baseline 0.002 -13"><span class='ocrx_word' id='word_1_488' title='bbox 915 2226 998 2258; x_wconf 83' lang='lat' dir='ltr'><strong>Anu,</strong></span> <span class='ocrx_word' id='word_1_489' title='bbox 1022 2227 1074 2266; x_wconf 89' lang='lat'><strong>11,</strong></span> <span class='ocrx_word' id='word_1_490' title='bbox 1105 2227 1161 2258; x_wconf 88' lang='lat'><strong>22:</strong></span> <span class='ocrx_word' id='word_1_491' title='bbox 1188 2229 1340 2270; x_wconf 76' lang='lat' dir='ltr'><strong>primam</strong></span> <span class='ocrx_word' id='word_1_492' title='bbox 1367 2246 1389 2249; x_wconf 98' lang='lat'><strong>—</strong></span> <span class='ocrx_word' id='word_1_493' title='bbox 1417 2226 1536 2258; x_wconf 74' lang='lat' dir='ltr'><strong>deinde</strong></span> <span class='ocrx_word' id='word_1_494' title='bbox 1556 2244 1580 2249; x_wconf 89' lang='lat'>-</span> 
     </span>
     <span class='ocr_line' id='line_1_68' title="bbox 914 2271 1579 2314; baseline -0.002 -11"><span class='ocrx_word' id='word_1_495' title='bbox 914 2282 1005 2303; x_wconf 60' lang='lat' dir='ltr'><strong>mom.</strong></span> <span class='ocrx_word' id='word_1_496' title='bbox 1036 2290 1078 2294; x_wconf 84' lang='lat'>—</span> <span class='ocrx_word' id='word_1_497' title='bbox 1104 2273 1151 2303; x_wconf 76' lang='lat' dir='ltr'><strong>e&#39;bz&#39;</strong></span> <span class='ocrx_word' id='word_1_498' title='bbox 1173 2291 1193 2294; x_wconf 98' lang='lat'><em>-</em></span> <span class='ocrx_word' id='word_1_499' title='bbox 1215 2272 1338 2313; x_wconf 75' lang='lat' dir='ltr'><strong>fuisse,</strong></span> <span class='ocrx_word' id='word_1_500' title='bbox 1362 2272 1447 2302; x_wconf 86' lang='lat' dir='ltr'><strong>dann</strong></span> <span class='ocrx_word' id='word_1_501' title='bbox 1467 2271 1579 2314; x_wconf 81' lang='lat' dir='ltr'><strong>pauli-</strong></span> 
     </span>
     <span class='ocr_line' id='line_1_69' title="bbox 914 2316 1578 2359; baseline 0 -12"><span class='ocrx_word' id='word_1_502' title='bbox 914 2326 994 2359; x_wconf 78' lang='lat' dir='ltr'><strong>sper</strong></span> <span class='ocrx_word' id='word_1_503' title='bbox 1006 2335 1026 2339; x_wconf 81' lang='lat'>-</span> <span class='ocrx_word' id='word_1_504' title='bbox 1039 2317 1230 2359; x_wconf 75' lang='lat' dir='ltr'><strong>trepidavit,</strong></span> <span class='ocrx_word' id='word_1_505' title='bbox 1242 2316 1506 2357; x_wconf 81' lang='lat' dir='ltr'><strong>VViederholung</strong></span> <span class='ocrx_word' id='word_1_506' title='bbox 1513 2326 1578 2348; x_wconf 89' lang='lat' dir='ltr'><strong>von</strong></span> 
     </span>
     <span class='ocr_line' id='line_1_70' title="bbox 912 2361 1578 2404; baseline 0 -12"><span class='ocrx_word' id='word_1_507' title='bbox 912 2372 939 2393; x_wconf 87' lang='lat' dir='ltr'><strong>c.</strong></span> <span class='ocrx_word' id='word_1_508' title='bbox 961 2362 991 2399; x_wconf 88' lang='lat'><strong>7,</strong></span> <span class='ocrx_word' id='word_1_509' title='bbox 1010 2361 1043 2401; x_wconf 85' lang='lat'><strong>8,</strong></span> <span class='ocrx_word' id='word_1_510' title='bbox 1062 2362 1126 2392; x_wconf 89' lang='lat' dir='ltr'><strong>und</strong></span> <span class='ocrx_word' id='word_1_511' title='bbox 1144 2364 1174 2393; x_wconf 75' lang='lat' dir='ltr'><strong>et</strong></span> <span class='ocrx_word' id='word_1_512' title='bbox 1189 2364 1429 2404; x_wconf 75' lang='lat' dir='ltr'><strong>praeterquam</strong></span> <span class='ocrx_word' id='word_1_513' title='bbox 1446 2380 1468 2383; x_wconf 92' lang='lat'>—</span> <span class='ocrx_word' id='word_1_514' title='bbox 1481 2363 1578 2403; x_wconf 80' lang='lat' dir='ltr'><strong>pate-</strong></span> 
     </span>
     <span class='ocr_line' id='line_1_71' title="bbox 912 2406 1578 2447; baseline -0.003 -9"><span class='ocrx_word' id='word_1_515' title='bbox 912 2409 998 2445; x_wconf 74' lang='lat' dir='ltr'><strong>rent,</strong></span> <span class='ocrx_word' id='word_1_516' title='bbox 1017 2417 1081 2437; x_wconf 83' lang='lat' dir='ltr'><strong>von</strong></span> <span class='ocrx_word' id='word_1_517' title='bbox 1100 2406 1135 2437; x_wconf 87' lang='lat' dir='ltr'><strong>L.</strong></span> <span class='ocrx_word' id='word_1_518' title='bbox 1155 2417 1215 2437; x_wconf 89' lang='lat' dir='ltr'><strong>zur</strong></span> <span class='ocrx_word' id='word_1_519' title='bbox 1229 2406 1578 2447; x_wconf 81' lang='lat' dir='ltr'><strong>Veranschaulichung</strong></span> 
     </span>
     <span class='ocr_line' id='line_1_72' title="bbox 911 2450 1577 2493; baseline 0 -12"><span class='ocrx_word' id='word_1_520' title='bbox 911 2450 1136 2492; x_wconf 79' lang='lat' dir='ltr'><strong>hinzugefiigt.</strong></span> <span class='ocrx_word' id='word_1_521' title='bbox 1156 2470 1198 2474; x_wconf 79' lang='lat'>—</span> <span class='ocrx_word' id='word_1_522' title='bbox 1218 2452 1367 2483; x_wconf 72' lang='lat' dir='ltr'><strong>incertas</strong></span> <span class='ocrx_word' id='word_1_523' title='bbox 1387 2450 1577 2493; x_wconf 73' lang='lat' dir='ltr'><strong>trepidavit,</strong></span> 
     </span>
     <span class='ocr_line' id='line_1_73' title="bbox 912 2495 1575 2536; baseline 0.002 -10"><span class='ocrx_word' id='word_1_524' title='bbox 912 2507 966 2534; x_wconf 82' lang='lat' dir='ltr'><strong>(m,</strong></span> <span class='ocrx_word' id='word_1_525' title='bbox 987 2506 1011 2527; x_wconf 91' lang='lat' dir='ltr'><strong>s.</strong></span> <span class='ocrx_word' id='word_1_526' title='bbox 1032 2496 1084 2536; x_wconf 90' lang='grc'><strong>31,</strong></span> <span class='ocrx_word' id='word_1_527' title='bbox 1108 2496 1161 2535; x_wconf 70' lang='grc'><strong>48,</strong></span> <span class='ocrx_word' id='word_1_528' title='bbox 1181 2495 1218 2534; x_wconf 64' lang='grc'><strong>6,</strong></span> <span class='ocrx_word' id='word_1_529' title='bbox 1245 2496 1275 2535; x_wconf 84' lang='grc'><strong>8,</strong></span> <span class='ocrx_word' id='word_1_530' title='bbox 1300 2495 1434 2535; x_wconf 75' lang='lat'><strong>24,11;</strong></span> <span class='ocrx_word' id='word_1_531' title='bbox 1459 2495 1575 2536; x_wconf 85' lang='lat' dir='ltr'><strong>ib.10,</strong></span> 
     </span>
     <span class='ocr_line' id='line_1_74' title="bbox 912 2539 1577 2581; baseline -0.002 -9"><span class='ocrx_word' id='word_1_532' title='bbox 912 2540 943 2572; x_wconf 83' lang='lat'><strong>2.</strong></span> <span class='ocrx_word' id='word_1_533' title='bbox 961 2559 1004 2563; x_wconf 93' lang='lat'><strong>——-</strong></span> <span class='ocrx_word' id='word_1_534' title='bbox 1020 2543 1134 2573; x_wconf 69' lang='lat' dir='ltr'><strong>aversi</strong></span> <span class='ocrx_word' id='word_1_535' title='bbox 1149 2541 1179 2571; x_wconf 90' lang='lat' dir='ltr'><strong>in</strong></span> <span class='ocrx_word' id='word_1_536' title='bbox 1196 2541 1303 2580; x_wconf 81' lang='lat' dir='ltr'><strong>Bezug</strong></span> <span class='ocrx_word' id='word_1_537' title='bbox 1325 2539 1384 2571; x_wconf 83' lang='lat' dir='ltr'><strong>auf</strong></span> <span class='ocrx_word' id='word_1_538' title='bbox 1397 2540 1577 2581; x_wconf 75' lang='lat' dir='ltr'><strong>refugien-</strong></span> 
     </span>
     <span class='ocr_line' id='line_1_75' title="bbox 911 2584 1576 2626; baseline 0 -10"><span class='ocrx_word' id='word_1_539' title='bbox 911 2588 980 2617; x_wconf 76' lang='lat' dir='ltr'><strong>tes:</strong></span> <span class='ocrx_word' id='word_1_540' title='bbox 1005 2587 1065 2617; x_wconf 82' lang='lat' dir='ltr'><strong>der</strong></span> <span class='ocrx_word' id='word_1_541' title='bbox 1088 2585 1247 2618; x_wconf 78' lang='lat' dir='ltr'><strong>Wechsel</strong></span> <span class='ocrx_word' id='word_1_542' title='bbox 1271 2586 1330 2617; x_wconf 81' lang='lat' dir='ltr'><strong>der</strong></span> <span class='ocrx_word' id='word_1_543' title='bbox 1353 2584 1507 2626; x_wconf 85' lang='lat' dir='ltr'><strong>Subjecte</strong></span> <span class='ocrx_word' id='word_1_544' title='bbox 1531 2584 1576 2616; x_wconf 87' lang='lat' dir='ltr'><strong>ist</strong></span> 
     </span>
    </p>
   </div>
  </div>
 </body>
</html>
