1715 2723
523 95 646 128 LIBER
663 95 821 128 XXXIII.
847 96 940 130 CAP.
958 97 1012 129 38.

70 115 95 133 a.
111 107 163 133 ch.
179 106 238 131 196.
1390 99 1471 138 247

67 199 316 251 usurpabant,
338 198 630 250 periculumque
652 202 745 243 erat,
764 209 831 243 ne,
853 197 885 235 si
907 210 1135 237 concessum
1158 199 1203 238 iis
1225 200 1344 245 foret,
1368 200 1470 250 quod

67 256 322 302 intenderent,
340 255 545 306 Zmyrnam
562 255 599 292 in
616 254 771 292 Aeolide
786 254 981 304 Ioniaque,
999 254 1255 305 Lampsacum
1272 256 1308 294 in
1322 256 1469 294 Helles-

65 317 186 364 ponto
210 311 303 350 aliae
324 311 441 349 urbes
466 315 731 361 sequerentur.
760 310 877 360 igitur
892 316 930 348 et
945 310 1026 361 ipse
1043 311 1089 348 ab
1102 311 1255 361 Epheso
1273 313 1317 349 ad
1333 313 1469 363 Zmyr·
1498 320 1519 351 4

65 380 155 407 nam
191 367 440 406 obsidendam
459 366 574 412 misit,
597 370 635 404 et
653 378 749 416 quae
766 366 886 417 Abydi
904 366 1033 417 copiae
1050 373 1159 405 erant
1176 368 1365 417 praesidio
1382 373 1469 406 tan-

64 430 149 463 tum
165 424 317 462 modico
335 423 468 462 relicto
487 422 572 461 duci
589 422 635 461 ad
654 421 909 473 Lampsacum
927 423 1224 473 oppugnandam
1243 424 1364 462 iussit.
1396 436 1469 463 nec

64 480 100 518 vi
121 485 273 519 tantum
294 479 479 525 terrebat,
509 479 574 517 sed
596 490 664 529 per
684 478 826 529 legatos
848 478 984 517 leniter
1004 478 1246 529 adloquendo
1277 480 1468 530 castigan—

65 536 192 587 doque
212 536 468 575 temeritatem
492 547 535 573 ac
556 534 805 585 pertinaciam
826 547 934 585 spem
958 535 1170 573 conahatur
1192 535 1318 574 facere
1332 566 1340 581 ,
1365 536 1469 574 brevi

65 592 166 642 quod
187 598 362 643 peterent
382 591 601 636 habituros,
631 591 697 629 sed
720 604 809 629 cum
830 591 922 629 satis
943 596 980 629 et
1001 591 1093 641 ipsis
1116 596 1152 628 et
1183 591 1365 629 omnibus
1386 592 1468 630 aliis

63 653 277 698 appareret,
299 648 344 685 ab
362 659 449 698 rege
466 647 711 697 impetratam
729 660 795 686 eos
812 647 1028 685 libertatem
1045 659 1125 684 non
1141 659 1210 697 per
1226 647 1465 685 occasionem

61 710 210 754 raptam
231 704 385 742 habere.
426 703 607 741 adversus
629 715 726 753 quae
741 703 1057 754 respondebatur,
1080 703 1174 740 nihil
1192 715 1316 752 neque
1335 703 1468 741 mirari

62 771 187 811 neque
205 771 429 798 suscensere
442 759 676 797 Antiochum
694 759 845 805 debere,
864 759 895 797 si
911 772 1018 810 spen]
1035 759 1218 796 libertatis
1234 759 1375 796 differri
1390 770 1469 797 non

61 816 152 854 satis
174 828 295 866 aequo
318 815 448 853 animo
470 820 707 865 paterentur.
738 815 817 865 ipse
835 815 942 853 initio
960 815 1057 853 veris
1074 815 1232 852 navibus
1250 815 1296 852 ab
1313 815 1466 865 Epheso

61 872 258 922 profectus
279 871 571 921 Hellespontum
593 870 708 922 petit,
731 871 925 909 terrestris
948 871 1076 921 copias
1104 871 1212 908 traici
1251 871 1295 908 ab
1334 871 1466 921 Abydo

62 927 343 965 Chersonesum
362 927 485 965 iussit.
523 939 611 965 cum
630 927 675 964 ad
692 926 900 977 Madytum,
924 927 1155 965 Chersonesi
1172 926 1322 972 urbem,
1341 932 1466 965 terre—

61 983 130 1021 stri
151 983 324 1022 navalem
339 982 554 1036 ‚exercitum
572 983 772 1029 iunxisset,
795 984 884 1033 quia
901 982 1117 1021 clauserant
1132 990 1275 1033 portas,
1299 983 1465 1021 eircum-

62 1039 167 1077 dedit
188 1041 337 1077 moenia
360 1039 533 1085 armatis3
556 1044 593 1076 et
613 1039 688 1077 iam
711 1051 825 1089 opera
846 1039 1067 1077 admoventi
1096 1038 1236 1077 deditio
1265 1039 1464 1081 factaest.

59 1094 160 1133 idem
183 1100 310 1133 metus
334 1096 488 1133 Sestum
511 1094 712 1132 incolentis
733 1095 900 1145 aliasque
918 1094 1148 1133 Chersonesi
1170 1095 1284 1133 urbes
1302 1095 1341 1132 in
1357 1093 1465 1133 dedi-

60 1150 207 1188 tionem
231 1151 346 1188 dedit.
384 1150 664 1200 Lysimachiam
686 1150 773 1187 inde
791 1151 971 1188 omnibus
989 1151 1104 1188 simul
1122 1150 1319 1188 navalibus
1342 1156 1464 1189 terre-

60 1206 280 1257 stribusque
303 1205 422 1256 copiis
444 1206 557 1243 venit.
602 1217 717 1256 quam
747 1218 835 1244 cum
864 1206 1056 1244 desertam
1085 1219 1128 1244 ac
1156 1211 1315 1244 stratam
1345 1218 1465 1256 prope

60 1273 216 1301 omnem
238 1262 360 1300 ruinis
381 1261 591 1300 invenisset
610 1285 665 1288 —
687 1268 868 1313 ceperant
888 1268 1016 1301 autem
1039 1262 1308 1313 direptamque
1330 1262 1464 1300 incen—

58 1317 192 1357 derant
212 1318 378 1356 Thraces
399 1318 531 1368 paucis
553 1323 640 1356 ante
663 1319 774 1357 annis
790 1341 855 1360 —,
880 1319 1018 1369 cupido
1036 1331 1124 1356 eum
1142 1318 1369 1356 restituendi
1390 1330 1463 1356 no-

57 1374 173 1413 bilem
194 1374 330 1412 urhem
353 1379 389 1412 et
408 1376 493 1412 loco
514 1374 624 1412 sitam
662 1379 883 1426 opportuno
906 1375 1017 1426 cepit.
1048 1374 1176 1426 itaque
1198 1374 1328 1412 onmia
1349 1374 1465 1413 simul

843 1453 952 1484 8-11.
979 1452 1133 1494 Hellesp„
1163 1452 1283 1483 anders
1313 1452 1363 1483 als
1386 1451 1407 1493 ξ
1432 1453 1462 1483 3.

796 1515 840 1519 -
875 1496 1046 1535 Cherwm,
1080 1507 1105 1527 s.
1140 1497 1271 1528 Cornel.
1305 1496 1390 1528 Milt.
1427 1498 1462 1528 1:

798 1541 1042 1573 Chersonesum
1058 1542 1248 1583 profectus.
1263 1561 1304 1564 μ
1322 1541 1462 1583 Madyt„

59 1451 117 1484 auf
130 1452 180 1483 die
196 1451 344 1483 Freiheit
357 1451 502 1492 geltend,
522 1452 656 1482 nahmen
676 1452 724 1483 sie

58 1498 90 1528 in
107 1496 292 1539 Anspruch,
312 1507 338 1528 s.
357 1499 410 1536 34,
429 1497 482 1535 58,
505 1497 558 1535 10,
579 1497 609 1536 S,
625 1498 655 1535 4,
674 1498 721 1527 10.

57 1560 101 1565 —
129 1541 259 1573 Aeolid.
289 1542 429 1582 Ioniaq.,
462 1542 602 1582 Smyrna
631 1542 723 1572 hatte

1498 430 1516 460 5

1498 598 1517 629 6

1498 710 1514 740 7

1498 821 1516 852 S

1495 936 1515 965 9

1498 1160 1537 1191 10

1497 1270 1531 1301 11

1496 1378 1535 1410 12

58 1591 127 1618 erst
150 1598 190 1617 zu
211 1587 282 1617 dem
308 1586 416 1617 Bunde
440 1586 498 1617 der
527 1586 723 1625 atolischen,

57 1632 139 1663 dann
159 1631 229 1662 dem
248 1631 492 1671 dei-jonischen
508 1630 633 1671 Stadte,
650 1641 676 1662 s.
697 1632 723 1670 1,

58 1677 120 1715 45,
138 1676 174 1714 2,
191 1676 326 1716 gehiirt,
344 1675 411 1716 vgl.
431 1675 550 1706 Herod.
574 1676 606 1716 1,
629 1674 721 1708 149f.

57 1739 100 1744 —
117 1720 649 1763 Hellesp.,s.§12;31,15,11.

102 1766 121 1796 4
134 1766 189 1797 -7.
213 1767 316 1805 misit,
332 1776 357 1796 s.
373 1776 400 1795 c.
415 1765 530 1801 35,12.
544 1783 587 1787 -
600 1764 724 1806 Abydi,

59 1820 96 1842 er
116 1811 174 1842 hat
197 1810 348 1841 dasselbe
367 1809 430 1840 wie
448 1810 598 1851 Ephesus
623 1810 723 1840 sehon

58 1855 89 1886 in
106 1855 216 1887 Besitz
233 1865 440 1895 genomlnen,
458 1855 525 1895 vgl.
544 1855 602 1891 32,
623 1855 674 1893 33,
693 1856 723 1885 7.

57 1919 100 1923 -
118 1900 225 1941 adloq.
244 1902 379 1941 castiga,
398 1904 496 1930 unter
513 1918 545 1938 —,
564 1899 668 1930 indem
687 1909 724 1930 er

59 1945 116 1976 das
133 1945 216 1976 Eine
241 1945 304 1975 und
327 1945 411 1975 dann
430 1944 554 1974 wieder
579 1944 636 1974 das
654 1944 723 1974 An-

59 1990 136 2020 dere
153 1990 233 2020 thun
249 1989 342 2027 liess,
360 1989 426 2029 vgl.
445 1988 526 2019 iiber
543 1999 604 2029 que
623 1999 650 2019 e.
669 1989 722 2030 36,

63 2034 117 2071 11,
142 2033 200 2071 31,
223 2034 281 2071 43,
306 2035 337 2064 b'.
361 2051 403 2055 —
424 2033 513 2074 qaod
532 2035 651 2075 petest,
674 2034 724 2065 sie

61 2079 180 2110 sollten
205 2078 256 2109 die
279 2077 428 2109 Freiheit
456 2078 531 2108 bald
561 2079 722 2119 erhalten,

60 2124 139 2155 aber
171 2124 281 2163 (nieht
313 2123 392 2154 eher
423 2123 489 2161 als,
523 2123 607 2154 daun
642 2129 721 2159 erst)

60 2178 154 2199 wenn
177 2169 224 2199 sie
248 2168 319 2199 sich
341 2166 566 2199 unterworfen
595 2168 720 2200 hatten.

59 2230 102 2236 --
127 2223 191 2255 per
218 2223 338 2250 occas„
371 2212 423 2243 bei
456 2213 514 2243 der
544 2212 720 2244 Schw'ziche

59 2257 250 2300 Aegyptens
294 2257 358 2288 und
398 2256 638 2289 Macedoniens.
679 2276 723 2281 —

60 2313 153 2345 spem.
165 2303 185 2334 l.
200 2302 288 2344 diff,
305 2302 357 2333 die
371 2301 546 2342 Erfiillung
563 2303 621 2333 der
634 2302 723 2333 Hoff-

61 2357 157 2388 nung,
175 2348 238 2378 wie
255 2358 331 2389 spes
348 2358 436 2383 sera,
454 2347 554 2386 lenta,
573 2347 602 2385 (i,
618 2348 647 2386 8,
666 2348 721 2387 103

62 2392 91 2432 5,
100 2392 128 2433 6,
140 2393 168 2433 2,
177 2392 299 2433 vg1.28‚
311 2393 320 2423 1
332 2392 358 2433 S,
373 2393 424 2423 10:
435 2392 722 2434 spemmlfeelare3

60 2435 115 2475 28,
128 2436 181 2475 33,
195 2438 232 2473 43
252 2437 305 2475 25,
323 2438 353 2475 3,
377 2438 428 2468 lo:
448 2448 538 2479 spem
557 2440 724 2479 temptare

60 2491 92 2511 u.
110 2481 140 2511 a.
172 2481 255 2513 Dass
273 2482 324 2513 die
338 2482 453 2514 St'adte
471 2482 535 2513 srei
551 2483 721 2523 geblieben

62 2525 133 2556 sind
150 2526 237 2567 zeigt
255 2527 306 2569 35,
326 2527 386 2567 423
406 2527 457 2569 38,
477 2528 530 2559 39.

797 1587 857 1623 31,
879 1587 934 1626 16,
960 1588 989 1618 5.
1008 1604 1051 1608 —
1068 1585 1261 1617 admoventi
1281 1587 1400 1626 gehiirt
1423 1597 1463 1617 zu

796 1631 920 1662 deditio
936 1632 1034 1672 faeta
1047 1633 1097 1661 est
1111 1646 1131 1655 Ξ
1145 1642 1180 1661 se
1197 1630 1405 1662 dediderant.
1420 1649 1463 1653 —

794 1677 883 1707 idem
900 1687 958 1715 m.,
977 1676 1028 1713 32,
1051 1676 1099 1713 13,
1122 1675 1170 1706 13.
1188 1693 1224 1697 —
1242 1674 1389 1711 Sestum,
1410 1675 1463 1715 32,

796 1721 847 1751 33.
874 1739 917 1742 —
942 1720 1028 1751 alias
1056 1721 1089 1751 in
1109 1720 1216 1760 Bezug
1236 1719 1295 1751 auf
1315 1719 1462 1757 Sestum,

797 1766 880 1796 dazn
909 1765 1033 1796 wieder
1062 1765 1236 1796 incolentis
1269 1776 1309 1795 zu
1337 1765 1463 1796 denken

797 1810 924 1841 scheint
942 1810 1032 1841 nicht
1057 1810 1178 1850 niithig.
1197 1828 1242 1832 -—
1258 1809 1462 1851 Lysimaclz„

796 1856 864 1895 vgl.
883 1865 911 1885 e.
929 1856 983 1893 40,
1002 1855 1038 1888 61
1058 1856 1116 1891 34,
1137 1855 1189 1895 55,
1209 1855 1238 1885 Ξ).
1255 1873 1299 1877 -
1314 1865 1412 1897 pauo.
1430 1865 1462 1886 α.

795 1900 945 1939 (1.,1111011
969 1900 1040 1930 dem
1057 1899 1192 1939 Abzuge
1209 1898 1382 1941 Philipp's,
1405 1909 1460 1939 ge-

796 1955 897 1975 nauel
915 1945 964 1975 als
984 1945 1036 1984 32,
1051 1945 1104 1984 34,
1122 1947 1158 1982 63
1177 1955 1203 1975 5.
1222 1944 1340 1986 Polyb.
1358 1945 1409 1983 17,
1424 1945 1461 1980 4;

797 1989 854 2027 18,
874 1990 933 2028 34,
952 1989 982 2020 6.
1002 2008 1039 2011 —
1062 1989 1130 2020 loco
1148 1999 1211 2031 op„
1236 1989 1402 2031 Appianl.
1422 1989 1461 2020 l:

795 2045 894 2066 71121'1)
916 2046 986 2078 200
1013 2045 1110 2065 “UT‘U
1129 2045 1168 2065 ΤΟ
1189 2038 1330 2085 ZO’OIOV
1354 2033 1460 2085 ἐφαί-

796 2089 876 2111 lero
895 2079 1096 2122 aaunpffig'
1086 2080 1183 2120 ἑχειτ
1200 2079 1261 2110 ἐπὶ
1282 2075 1346 2122 ὅλῃ
1366 2075 1461 2120 Θοά-

794 2134 836 2167 κη
855 2129 931 2163 ete,
948 2124 996 2155 sie
1012 2136 1039 2155 11
1044 2135 1082 2155 ‘ir
1095 2135 1114 2155 x
1119 2135 1159 2155 on
1174 2123 1223 2166 Ly
1229 2124 1286 2155 sim
1291 2114 1390 2155 1-1111115
1407 2122 1466 2154 auf

795 2169 854 2200 der
871 2168 1061 2210 Landenge,
1086 2169 1210 2200 welche
1233 2170 1294 2200 den
1319 2169 1462 2199 Chelso-

796 2224 853 2245 nes
882 2214 940 2245 mit
970 2215 1040 2245 dem
1065 2214 1242 2245 Festlande
1272 2214 1458 2254 verbiudet,

796 2259 827 2289 in
858 2260 916 2290 der
939 2258 1031 2290 Nahe
1061 2260 1118 2290 des
1147 2259 1235 2290 alten
1263 2258 1383 2289 Cardia
1406 2268 1459 2289 er-

795 2304 890 2343 baut,
914 2305 978 2334 und
1004 2304 1218 2335 beherrschte
1241 2304 1302 2334 (len
1322 2303 1460 2343 Zugang

795 2360 867 2380 zum
893 2350 1077 2381 Chersones
1103 2350 1165 2379 und
1188 2360 1247 2379 zur
1269 2348 1460 2389 Propontis,

790 2394 817 2434 j.
842 2393 1006 2436 Eksemil,
1034 2395 1102 2434 vgl.
1133 2394 1188 2431 38,
1214 2395 1271 2432 40,
1297 2395 1332 2432 5;
1364 2393 1458 2424 Diod.

795 2438 849 2477 20,
869 2439 922 2470 29.

845 2484 972 2515 12—14.
999 2485 1110 2515 omnia
1133 2482 1236 2514 simul
1257 2483 1300 2513 ist
1323 2493 1363 2513 zu
1382 2493 1457 2514 ver-

796 2527 931 2569 binden,
960 2530 1023 2560 und
1052 2530 1163 2559 omnia
1190 2528 1293 2559 durch
1321 2530 1352 2559 et
1382 2547 1402 2550 —
1425 2531 1457 2560 et
