1715 2723
75 819 132 858 37

156 164 239 205 332
546 161 671 193 Lmen
698 159 891 194 xxxvnl.
927 159 1019 192 CAP.
1047 162 1100 195 36.
1126 162 1180 195 37.

1415 168 1442 186 a.
1462 168 1490 186 u.
1509 160 1570 188 506.

152 266 198 305 iis
222 265 392 315 suffragii
411 264 499 302 latio
522 286 575 290 ——
598 275 686 302 nam
710 268 820 302 antea
842 262 924 301 sine
944 263 1128 314 suffragio
1149 262 1361 304 habuerant
1380 265 1569 304 civitatem

116 327 134 359 8
155 345 207 348 —
239 327 348 360 esset.
380 321 469 359 huic
499 319 689 370 rogationi
716 324 899 370 quattuor
928 319 1075 358 tribuni
1109 319 1249 370 plebis,
1295 321 1385 370 quia
1414 333 1496 359 non
1522 333 1569 359 ex

152 378 374 417 auctoritate
395 381 549 414 senatus
561 377 740 422 serretur,
760 387 850 415 cum
864 375 1158 423 intercederent,
1179 375 1461 428 edocti‚populi
1473 389 1568 424 esse,

154 446 234 472 non
264 438 419 472 senatus
448 433 509 470 ius
536 432 775 482 suffragium,
807 431 948 482 quibus
979 432 1078 478 velit⁷
1104 432 1313 483 impertire,
1341 433 1569 472 destiterunt

113 490 133 521 9
152 490 318 540 incepto.

375 488 522 538 rogatio
553 488 696 538 perlata
726 493 804 534 est,
846 493 889 527 ut
917 488 957 526 in
988 488 1148 526 Aemilia
1176 488 1279 527 tribu
1309 489 1506 528 Formiani
1533 496 1570 528 et

152 545 351 591 Fundani,
380 545 421 582 in
451 545 629 584 Cornelia
656 544 860 595 Arpinates
883 546 1050 591 ferrent3
1087 550 1201 595 atque
1231 545 1271 583 in
1301 545 1361 584 his
1390 545 1568 584 tribubus

94 600 234 640 1⁰tum
269 602 440 652 primum
482 613 528 639 ex
568 600 715 639 Valerio
753 600 952 652 plebiscito
992 601 1097 640 censi
1143 606 1244 640 sunt.
1296 602 1346 640 M.
1387 602 1568 641 Claudius

152 658 351 696 Marcellus
381 669 521 696 censor
551 663 654 696 sorte
685 663 865 708 superato
902 658 945 696 T.
979 658 1158 704 Quinctio
1189 658 1356 697 lustrum
1387 658 1569 697 condidit.

152 727 266 753 censa
306 719 399 752 sunt
431 714 571 752 civium
614 714 734 764 capita
753 714 936 756 ffnvffl
970 713 1179 753 CCCXVIII
1222 714 1344 753 lustro
1396 716 1567 766 perfecto

153 770 331 809 consules
362 770 401 808 in
432 770 652 821 provincias
683 770 846 820 profecti
872 775 973 808 sunt.

264 827 398 866 Hieme
427 839 490 873 ea,
531 839 605 877 qua
636 826 729 864 haec
759 827 904 865 Romae
935 832 1038 877 gesta
1068 832 1179 873 sunt,
1209 826 1253 864 ad
1287 827 1355 866 Cn.
1383 827 1567 866 Manlium

151 884 350 922 consulem
363 883 547 934 primum,
560 883 647 921 dein
659 895 730 933 pro
743 882 914 929 consule,
925 882 1193 921 hibernantem
1203 882 1243 921 in
1253 882 1351 930 Asia,
1361 883 1568 933 legationes

151 940 325 990 undique
356 952 402 977 ex
429 939 612 978 omnibus
638 938 852 977 civitatibus
878 938 1146 989 gentibusque⁷
1176 951 1274 989 quae
1304 939 1357 978 cis
1397 940 1567 978 Taurum

112 1000 131 1031 2
152 1002 324 1034 montem
355 996 542 1041 incolunt,
574 995 866 1033 conveniebant.
898 1000 935 1033 et
953 1000 996 1033 ut
1016 995 1154 1033 clarior
1180 995 1424 1045 nobiliorque
1445 995 1568 1034 victo-

151 1052 204 1090 ria
233 1052 418 1091 Romanis
450 1052 496 1090 de
526 1064 615 1102 rege
646 1051 837 1090 Antiocho
870 1052 943 1090 suit
968 1063 1086 1101 quam
1118 1051 1164 1090 de
1196 1051 1330 1098 Gallis,
1355 1052 1406 1090 ita
1435 1051 1568 1090 laetior

113 1113 131 1145 3
150 1109 265 1147 sociis
292 1114 372 1147 erat
392 1109 438 1147 de
463 1108 576 1147 Gallis
599 1120 716 1159 quain
737 1108 783 1147 de
804 1108 1007 1146 Antiocho.
1026 1107 1259 1146 tolerabilior
1279 1108 1380 1159 regia
1403 1108 1567 1147 servitus

151 1265 276 1305 haben,
319 1275 345 1296 5.
383 1264 557 1296 Mommsen
600 1265 628 1303 1,
668 1264 743 1297 809.
781 1281 824 1285 -

149 1313 274 1350 Tappo,
314 1310 440 1341 Brudcr
472 1310 528 1341 des
574 1311 634 1349 35,
680 1311 737 1349 10,
785 1310 822 1342 11

149 1359 345 1397 genaunten.
384 1373 427 1377 ——
456 1358 637 1396 promulq„
682 1354 824 1394 absolut,

149 1410 189 1432 n:
212 1404 323 1443 Zeyem,
367 1400 487 1432 ebcuso
525 1399 545 1441 ξ
580 1405 598 1432 9
626 1401 758 1440 ferrem
792 1410 824 1433 n.

148 1449 315 1488 suffra-(sia.
360 1465 403 1468 —
446 1457 483 1478 ex
515 1452 595 1477 auct.
624 1457 699 1484 aen.⁷
734 1455 825 1476 zwar

148 1492 259 1533 Iegten
305 1491 358 1523 die
396 1491 563 1523 Tribunen
617 1490 825 1532 gewo'hnlich

148 1537 221 1569 ihre
239 1537 388 1577 Anu-'age
413 1537 483 1568 dem
502 1536 623 1568 Senate
647 1546 718 1575 vor,
746 1536 825 1567 aber

150 1583 256 1615 dieses
289 1593 362 1613 war
391 1582 491 1613 durch
518 1582 594 1613 kein
620 1580 740 1613 Gesetz
765 1591 824 1621 ge-

150 1629 270 1666 boten.
312 1639 336 1659 s.
371 1638 412 1659 zu
446 1630 485 1667 4,
519 1629 580 1667 49,
608 1629 645 1666 63
683 1627 747 1658 und
773 1625 825 1657 bei

149 1673 345 1714 Ertheilung
378 1673 434 1704 des
468 1673 723 1713 Biirgerrechtes
758 1671 826 1702 wol

149 1719 239 1750 nicht
263 1718 384 1750 cinmal
403 1717 621 1759 gcwb'hnlich,
646 1728 671 1749 s.
698 1719 751 1759 26,
771 1718 824 1757 33,

152 1767 210 1804 1ος
258 1764 324 1805 vgl.
358 1766 420 1801 45,
464 1766 522 1805 15,
549 1762 615 1803 3f.‚
648 1763 825 1795 Mommsen

148 1809 285 1841 Forsch.
313 1811 350 1849 1,
377 1810 460 1848 2063
488 1808 598 1849 Lange
625 1810 654 1849 2,
683 1811 754 1841 595.
780 1825 826 1829 -—

150 1858 302 1897 suffray„
328 1854 391 1886 wic
417 1856 539 1886 vorher
562 1856 718 1896 suffr-6192?
739 1856 823 1895 latio,

149 1901 201 1933 die
237 1900 388 1941 zugleich
417 1900 545 1931 activos
580 1900 643 1931 und
676 1899 825 1942 passives

147 1946 361 1986 Wahlrecht‚
389 1947 447 1977 das
475 1945 525 1976 ius
551 1946 720 1986 honorum.
751 1944 825 1976 ein-

149 1992 287 2025 scffloss,
317 2009 355 2013 -
387 1994 420 2023 in
446 1993 531 2023 tribu
549 1995 624 2032 ctu,
652 1991 753 2022 durch
773 1989 824 2021 die

150 2036 337 2069 Aufnahmc
362 2037 421 2068 (lor
434 2037 559 2077 Biirger
578 2037 610 2067 in
629 2036 680 2067 die
693 2035 824 2075 Tribus,

149 2083 275 2114 welche
296 2082 385 2123 jetzt
409 2082 558 2123 zugleich
577 2082 628 2113 die
647 2081 825 2113 Centuricu

149 2127 327 2167 umfassen,
353 2139 377 2159 s.
408 2130 435 2167 1,
462 2129 516 2167 43,
540 2129 590 2160 12.
617 2127 737 2167 erfolgt
755 2126 825 2158 also

150 2174 202 2206 (116
229 2173 426 2214 Erthcilung
451 2173 506 2204 des
531 2172 741 2213 suffragium:
767 2173 825 2204 das

150 2218 450 2260 Grundeigcnthum
461 2219 520 2250 der
528 2218 825 2259 Aut'gcnommenen

149 2265 233 2295 wird
252 2265 311 2296 den
333 2265 435 2296 sehon
455 2264 674 2295 bestehenden
694 2262 824 2303 Tribus,

148 2310 182 2340 in
230 2310 282 2341 die
333 2310 380 2341 sie
428 2309 612 2349 eintreten,
661 2308 824 2350 zugelegt,

150 2354 260 2395 Lange
289 2356 316 2395 1,
343 2356 426 2395 4393
454 2357 530 2388 452.
551 2373 594 2377 —
618 2356 825 2395 Valerpleb„

150 2411 177 2430 ι’.
203 2403 256 2437 55.
287 2403 321 2433 1:
347 2408 468 2442 royatzo
495 2403 640 2440 fetidum
673 2401 735 2440 42,
770 2401 825 2441 21,

153 2447 190 2478 8:
216 2448 337 2487 roqacio
362 2448 489 2479 Marcia
513 2457 544 2478 u.
571 2456 600 2479 a.
631 2464 667 2468 —-
694 2447 827 2487 censis„

153 2490 243 2521 nicht
286 2491 337 2523 als
386 2491 425 2523 ob
467 2490 515 2524 sic
559 2491 608 2523 als
649 2490 826 2532 municipes

151 2536 250 2566 schon
292 2537 323 2568 in
357 2536 436 2568 Rom
480 2537 654 2578 gesch'atzt
692 2536 827 2568 worden

156 2581 280 2621 wiiren,
318 2582 457 2613 sondern
489 2582 537 2614 sie
575 2582 709 2614 wurdeu
740 2580 828 2622 jetzt

892 1275 964 1295 zum
992 1268 1102 1295 ersten
1129 1263 1216 1296 Male
1249 1264 1433 1305 gasewum,
1460 1264 1501 1296 da
1520 1264 1570 1296 sie

890 1309 977 1350 jetzt
1009 1311 1088 1341 rom.
1126 1310 1249 1349 But-ger
1280 1320 1405 1350 waren,
1441 1309 1507 1341 und
1535 1309 1568 1341 iu

893 1356 954 1387 den
1004 1359 1189 1395 genannten
1235 1354 1374 1397 Tribus,
1425 1355 1467 1387 da
1517 1355 1568 1387 die

892 1400 1081 1442 Sch'atzung
1112 1401 1295 1442 uberhaupt
1331 1401 1415 1432 nach
1447 1400 1568 1433 Tribus

893 1446 1047 1487 gehalten
1073 1446 1197 1485 wurde‚
1225 1456 1250 1477 5.
1276 1447 1330 1486 29,
1358 1448 1410 1485 37,
1438 1446 1499 1479 Sff.
1524 1464 1568 1468 -

893 1498 986 1532 sorte,
1015 1491 1192 1523 Mommsen
1202 1490 1267 1522 Str.
1280 1492 1332 1524 72.
1343 1509 1385 1513 —
1397 1493 1575 1524 CCLVIII

893 1541 967 1577 etc„
1010 1537 1077 1578 vgl.
1122 1538 1176 1578 35,
1217 1538 1248 1577 9,
1293 1539 1319 1570 1.
1347 1540 1567 1577 ——00nsules‚

895 1582 1045 1623 obgleich
1087 1582 1176 1613 diese
1220 1582 1310 1613 nieht
1352 1582 1569 1614 uninittelbar

892 1628 947 1660 bei
990 1628 1048 1659 der
1085 1627 1278 1668 Abhaltung
1316 1628 1372 1659 des
1414 1627 1569 1659 Lustrum

894 1673 1070 1714 betheiligt
1094 1683 1217 1705 waren.

940 1716 1116 1755 37-39,
1140 1718 1382 1759 Anordnungen
1402 1718 1435 1749 in
1449 1717 1568 1759 Asien3

893 1764 1012 1796 Friode
1043 1764 1102 1795 mit
1127 1763 1322 1796 Antiochus.
1370 1762 1487 1806 Polyb.
1513 1765 1566 1805 21,

894 1809 987 1848 441'.;
1014 1809 1107 1844 Diod.
1134 1810 1188 1850 29,
1217 1808 1304 1849 13f.;
1329 1808 1466 1851 Appian.
1490 1808 1567 1851 Syr.

895 1857 937 1890 38
952 1854 992 1895 f.;
1017 1857 1078 1895 443
1108 1854 1184 1887 Val.
1208 1854 1299 1888 Max.
1325 1856 1356 1891 4,
1389 1856 1416 1894 1.
1442 1853 1517 1886 Ext.
1536 1856 1568 1887 9.

943 1902 1039 1934 1—3.
1066 1912 1129 1940 pro
1153 1911 1253 1940 cons„
1281 1900 1365 1931 nach
1391 1910 1418 1931 c.
1444 1901 1497 1940 35,
1525 1901 1568 1942 33

895 1948 925 1986 8,
953 1947 1020 1987 vgl.
1047 1947 1100 1986 35,
1130 1947 1158 1987 1,
1175 1948 1206 1985 4,
1233 1945 1297 1977 seit
1318 1945 1389 1977 dem
1406 1947 1456 1978 15.
1475 1945 1569 1977 Miirz

895 1993 978 2031 188,
1021 1991 1050 2023 d.
1087 1992 1119 2024 h.
1152 1992 1222 2023 dem
1249 1990 1374 2023 Novbr.
1414 1992 1488 2024 189.
1525 2009 1569 2014 ——

893 2040 928 2069 in
956 2039 1049 2076 Asia,
1076 2047 1102 2071 s,
1129 2047 1155 2068 c.
1182 2039 1235 2077 27,
1263 2038 1293 2070 9.
1323 2054 1368 2058 ——-
1391 2042 1419 2068 et
1442 2043 1479 2069 ut
1504 2040 1568 2068 etc.

893 2083 938 2114 ist
980 2083 1094 2114 locker
1133 2081 1351 2124 angekniipft,
1397 2081 1477 2113 weil
1517 2081 1568 2113 die

895 2127 1073 2160 Gedanken
1130 2128 1185 2160 bei
1244 2126 1361 2170 Polyb.
1429 2138 1456 2159 c.
1508 2128 1569 2161 43:

893 2175 1144 2220 παρεγένοντο
1169 2176 1363 2225 πρξσβεῖαι
1394 2191 1439 2195 -
1456 2182 1570 2221 ’,συμ-

895 2223 1080 2265 φοροῦσαι
1114 2229 1323 2263 στεφανους
1354 2236 1407 2250 —.
1448 2227 1569 2251 απαν-

894 2277 952 2303 τες
977 2261 1065 2310 γὰρ
1093 2282 1138 2287 —
1170 2260 1355 2310 ἐχάρησαν
1379 2263 1570 2305 umgestellt

893 2310 975 2342 sind.
992 2313 1209 2349 --Romam
1234 2310 1287 2342 fiir
1312 2309 1364 2341 die
1377 2308 1425 2350 R„
1451 2309 1570 2340 anders

894 2358 998 2388 sociis.
1033 2373 1074 2378 —
1112 2358 1149 2388 de
1181 2357 1282 2389 Gallis
1322 2373 1367 2377 -
1402 2357 1439 2386 de
1475 2356 1570 2392 Am,

895 2403 980 2433 auch
1013 2401 1096 2432 dazu
1128 2401 1172 2433 ist
1202 2401 1402 2442 ungeaehtet
1427 2400 1482 2431 des
1509 2400 1570 2431 (la-

893 2446 1060 2479 zwischen
1086 2447 1265 2478 stehcnden
1292 2449 1336 2478 ita
1360 2449 1425 2477 etc.
1444 2444 1569 2476 wieder

896 2494 1029 2525 victoria
1055 2503 1095 2524 zu
1121 2493 1267 2532 nehmen,
1298 2491 1364 2531 vgl.
1391 2492 1444 2529 22,
1471 2491 1525 2531 35,
1540 2492 1571 2522 5.

897 2555 940 2560 —-
983 2540 1070 2580 reyz'a
1111 2549 1201 2577 serv„
1241 2536 1375 2579 P015b.:
1417 2536 1480 2569 ἐπὶ
1520 2535 1572 2579 τῷ

898 2583 1024 2617 δοκεῖν
1063 2579 1320 2616 ἀπολελύσθαι
1364 2580 1461 2619 τινὲς
1501 2580 1574 2628 μὲν

1709 1611 1715 1747 Ξ

1704 1748 1715 1796 1

1707 1801 1715 2051 1

1700 2452 1715 2547 l
