1715 2723
207 111 286 152 330
621 107 745 140 LIBER
761 107 923 141 XXXIV.
950 108 1040 141 CAP.
1059 108 1113 140 39.
1130 109 1184 141 40.

1458 126 1484 144 a.
1502 125 1528 142 u.
1543 117 1605 143 559.

204 217 248 251 ut
268 209 535 250 adiuvantibus
558 209 706 261 ignem,
738 210 803 261 qui
829 210 919 249 alias
947 211 993 249 ad
1016 209 1336 260 exstinguendum
1363 223 1476 261 opem
1504 210 1606 249 ferre

138 274 173 306 11
204 269 340 313 solent,
362 278 476 304 ruere
496 266 535 304 in
555 266 753 305 Romanos
774 271 886 313 tecta,
908 278 980 305 nec
999 267 1215 317 tegularum
1239 266 1357 304 modo
1378 266 1605 317 fragmenta,

205 323 273 362 sed
294 322 409 361 etiam
431 322 608 360 ambusta
627 322 731 372 tigna
759 322 805 360 ad
833 328 1001 361 armatos
1032 321 1251 374 pervenire,
1282 327 1320 360 et
1348 322 1504 361 flamma
1531 323 1605 361 late

203 379 328 425 fundi,
358 378 490 416 fumus
518 383 709 416 terrorem
738 378 852 416 etiam
875 379 1063 417 maiorem
1093 390 1209 428 quam
1230 377 1447 428 periculum
1466 379 1604 417 facere.

135 441 175 473 12
203 435 332 485 itaque
354 438 391 472 et
412 434 478 485 qui
499 439 606 473 extra
619 434 755 472 urbem
771 439 881 473 erant
896 435 1174 479 Romanorum,
1196 438 1279 472 tum
1298 434 1464 472 maxime
1480 434 1605 485 impe-

203 496 288 529 tum
308 490 505 536 facientes,
528 502 722 529 recessere
742 502 763 527 a
784 502 919 536 muro,
950 495 987 529 et
1009 490 1074 541 qui
1095 490 1170 528 iam
1192 490 1446 536 intraverant,
1475 501 1524 527 ne
1544 491 1605 528 in-

204 546 339 585 cendio
362 546 408 585 ab
430 551 536 596 tergo
560 546 706 584 oriente
727 545 1076 585 intercluderentur
1097 545 1143 584 ab
1164 546 1264 592 suis,
1294 550 1522 596 receperunt
1540 558 1606 584 se-

136 609 176 641 13
206 615 267 650 se,
289 607 327 641 et
348 602 564 648 Quinctius,
585 606 806 653 postquam,
832 602 922 653 quid
943 602 999 641 rei
1015 607 1129 647 esset,
1152 601 1257 648 vidit,
1279 601 1449 652 receptui
1470 612 1607 640 canere

203 658 327 697 iussit.
368 658 420 697 ita
441 659 517 697 iam
539 663 648 708 capta
668 670 787 708 prope
809 658 903 696 urbe
923 658 1090 696 revocati
1112 658 1150 696 in
1171 662 1292 696 castra
1313 657 1520 696 redierunt.

125 714 179 752 40
315 714 516 760 Quinctius
536 714 622 764 plus
644 726 688 752 ex
710 714 851 752 timore
871 714 1043 752 hostium
1065 726 1178 764 quam
1201 726 1246 751 ex
1262 725 1302 751 re
1319 713 1398 764 ipsa
1417 713 1497 764 spei
1514 724 1606 751 nac-

204 774 288 815 tus,
325 782 394 820 per
425 770 599 807 triduum
627 769 835 819 insequens
862 770 1049 808 territavit
1076 782 1142 808 eos
1170 781 1274 808 nunc
1300 769 1457 820 proeliis
1485 769 1606 807 laces-

204 825 337 870 sendo,
360 837 464 863 nunc
485 824 664 875 operibus
684 824 993 875 intersaepiendo
1016 825 1223 875 quaedam,
1253 837 1301 862 ne
1321 825 1445 862 exitus
1475 825 1521 862 ad
1543 825 1606 862 fu-

156 888 175 919 2
203 893 290 930 gam
312 886 425 919 esset.
466 881 527 919 his
555 880 922 918 comminationibus
954 880 1178 930 compulsus
1207 885 1392 931 tyrannus
1413 880 1605 930 Pythago-

203 948 286 974 ram
315 949 448 975 rursus
471 941 662 974 oratorem
692 936 819 982 misit,
848 948 963 986 quem
992 936 1192 982 Quinctius
1225 936 1350 986 primo
1380 942 1607 986 aspernatus

205 992 386 1031 excedere
411 992 544 1030 castris
571 992 701 1037 iussit,
732 991 820 1030 dein
849 992 1072 1042 suppliciter
1103 996 1278 1030 orantem
1306 992 1607 1042 advolutumque

156 1056 175 1088 3
203 1048 363 1099 genibus
389 1048 546 1086 tandem
574 1047 729 1086 audivit.
776 1047 902 1098 prima
933 1049 1055 1086 oratio
1091 1047 1164 1086 fuit
1193 1048 1322 1086 omnia
1347 1047 1606 1098 permittentis

157 1113 178 1145 4
205 1104 362 1142 arbitrio
384 1104 673 1151 Romanorum,
696 1104 783 1141 dein
803 1116 892 1142 cum
913 1116 956 1142 ea
972 1105 1076 1142 velut
1097 1115 1190 1142 vana
1208 1109 1245 1142 et
1261 1104 1341 1142 sine
1359 1104 1495 1142 effectu
1512 1103 1606 1142 nihil

206 1160 458 1210 proficerent,
497 1172 541 1198 eo
570 1159 734 1198 deducta
763 1164 820 1198 est
849 1172 927 1206 res,
957 1165 1000 1198 ut
1028 1160 1072 1198 iis
1101 1160 1404 1205 condicionibus,
1442 1172 1539 1210 quae
1560 1172 1607 1198 ex

207 1216 350 1266 scripto
372 1216 501 1266 paucis
523 1221 611 1254 ante
632 1215 766 1254 diebus
787 1215 910 1255 editae
927 1221 1049 1262 erant,
1066 1215 1233 1254 indutiae
1249 1216 1405 1262 fierent,
1422 1215 1606 1266 pecunia-

209 1284 282 1322 que
303 1276 339 1310 et
361 1271 513 1310 obsides
534 1271 691 1322 accepti.

158 1333 178 1363 5
319 1328 417 1365 Dum
437 1332 681 1378 oppugnatur
699 1332 899 1378 tyrannus,
925 1326 1049 1377 Argivi
1062 1327 1207 1366 nuntiis
1233 1327 1314 1365 aliis
1330 1327 1473 1378 [prope]
1492 1337 1609 1377 super

207 1383 300 1422 alios
322 1383 592 1429 adferentibus,
615 1388 765 1421 tantum
789 1394 869 1421 non
889 1383 962 1421 iam
986 1388 1135 1433 captam
1160 1383 1487 1422 Lacedaemonem
1509 1395 1606 1429 esse,

160 1443 179 1475 6
207 1439 323 1478 erecti
345 1444 383 1477 et
404 1439 495 1489 ipsi,
526 1440 640 1477 simul
662 1452 727 1485 eo,
759 1439 863 1490 quod
884 1439 1116 1489 Pythagoras
1138 1452 1226 1478 cum
1248 1444 1354 1490 parte
1374 1438 1609 1477 validissima

206 1495 384 1546 praesidii
396 1500 624 1541 excesserat,
642 1500 863 1545 contempta
876 1495 1066 1545 paucitate
1082 1507 1231 1540 eorum,
1250 1495 1316 1545 qui
1327 1495 1366 1533 in
1383 1507 1468 1534 arce
1485 1500 1608 1542 erant,

160 1555 177 1585 7
207 1551 302 1589 duce
322 1551 515 1601 Archippo
538 1551 707 1601 quodam
724 1550 958 1600 praesidium
976 1552 1223 1601 expulerunt,
1245 1551 1504 1589 Timocratem
1521 1550 1610 1589 Pel-

203 1606 413 1652 lenensem,
437 1606 525 1657 quia
547 1606 756 1645 clementer
775 1606 1011 1657 praefuerat,
1033 1607 1160 1645 vivum
1182 1607 1256 1646 fide
1276 1607 1362 1645 data
1382 1607 1608 1645 emiserunt.

206 1710 305 1747 want„
323 1707 387 1739 wie
405 1718 439 1739 es
458 1708 622 1739 natiirlich
639 1717 721 1748 war,
738 1708 778 1738 da
795 1718 826 1738 u.
845 1718 870 1739 s.

206 1762 260 1792 w.,
275 1752 328 1792 22,
343 1752 460 1792 28,11,
474 1753 592 1791 geho'rt
605 1763 645 1783 zu
658 1762 757 1783 mom.
769 1755 871 1795 temp.

945 1708 998 1748 58,
1015 1709 1050 1739 5:
1069 1719 1169 1749 quae3
1188 1708 1241 1748 31,
1258 1709 1287 1747 7,
1306 1708 1360 1739 12;
1374 1709 1465 1740 haec.
1480 1726 1523 1731 —
1537 1710 1608 1740 sine

945 1754 1002 1795 eff.
1027 1753 1165 1785 vertritt
1188 1753 1241 1784 ein
1264 1753 1436 1794 Adjeetiv,
1466 1753 1530 1784 wie
1562 1751 1609 1785 oft

207 1807 276 1828 ars,
300 1815 342 1819 —-
368 1799 426 1838 qai
445 1797 506 1836 ab,
533 1797 585 1828 die
608 1797 789 1828 Bewohner
813 1797 873 1829 der
944 1799 1017 1828 sine
1039 1798 1098 1829 mit
1115 1799 1185 1829 dem
1204 1797 1328 1838 subsc,
1350 1799 1414 1829 und
1433 1798 1479 1829 ist
1496 1797 1610 1829 condi-

208 1841 314 1872 stadt.
334 1860 377 1864 —
399 1852 498 1873 ruere
516 1842 558 1872 im
576 1841 773 1879 Nachsatze,
794 1852 820 1873 s.
842 1842 871 1883 1,
944 1843 1048 1874 tional
1072 1854 1111 1874 zu
1134 1843 1270 1874 nehmen
1292 1857 1313 1869 τ-
1336 1853 1419 1883 quae
1442 1861 1462 1865 -
1484 1843 1611 1884 futura

209 1886 268 1924 54,
289 1887 317 1917 1.
334 1886 378 1908 —⁴
400 1888 466 1917 iam
491 1889 604 1928 capta,
629 1887 678 1917 als
696 1886 820 1918 bereits
838 1897 869 1917 u.
945 1890 1066 1918 essent.
1082 1905 1125 1910 κ-
1138 1897 1175 1918 eo
1190 1886 1276 1926 ded„
1289 1888 1319 1923 4,
1336 1888 1366 1926 6,
1383 1887 1413 1927 S,
1428 1887 1493 1928 vgl.
1509 1887 1563 1927 25,
1578 1886 1608 1927 8,

209 1940 235 1961 5.
252 1939 311 1970 W.‚
335 1931 374 1961 da
399 1931 447 1962 sie
464 1930 617 1961 wirklich
640 1931 673 1961 in
696 1933 754 1962 der
777 1930 873 1962 stadt

208 1984 319 2005 waren
347 1976 409 2006 und
427 1976 474 2006 sie
498 1974 562 2007 fast
580 1976 681 2006 sehon
704 1976 779 2007 inne
798 1976 872 2007 hat-

208 2024 275 2059 ten,
293 2019 382 2051 nicht
397 2030 418 2050 α
434 2023 543 2062 capta,
564 2020 630 2060 vgl.
651 2031 677 2051 c.
698 2020 751 2059 23,
770 2020 804 2051 6:
823 2022 873 2051 in-

208 2064 342 2095 clinata.

254 2103 322 2139 40.
358 2109 430 2139 1-4.
457 2119 502 2139 ear
518 2118 555 2140 re
574 2110 657 2150 ipsa,
676 2109 751 2140 dass
769 2108 817 2139 sie
835 2119 871 2139 so

210 2153 289 2184 weit
302 2153 554 2194 vorgedrungen
572 2163 694 2184 waren.
708 2171 752 2175 —
769 2155 874 2184 inter-

210 2208 312 2240 saep.,
329 2208 354 2229 s.
371 2198 422 2239 31,
440 2198 494 2236 46,
513 2198 550 2237 93
570 2197 599 2238 6,
616 2198 647 2236 9,
666 2199 694 2229 7.
710 2215 750 2220 —
768 2196 873 2228 advol.

207 2253 299 2283 gen„
316 2253 343 2274 5.
363 2242 392 2282 8,
413 2243 464 2283 37,
482 2242 512 2273 9.
526 2244 704 2285 -ρνῐφηα,
723 2242 781 2272 der
794 2241 874 2272 Ein-

210 2297 294 2327 gang
317 2287 376 2319 der
398 2286 497 2318 Rede.
516 2305 559 2309 —
579 2288 826 2329 pemm'ttentis,
845 2297 871 2317 5.

211 2331 269 2370 26,
293 2332 351 2370 27,
380 2331 430 2363 16.
455 2349 499 2354 —-
526 2330 601 2362 dein
630 2332 660 2362 iu
685 2331 794 2370 Bezug
820 2329 878 2362 auf

206 2377 331 2417 prima.
353 2394 397 2399 —
420 2386 474 2415 ea,
499 2376 557 2406 der
572 2375 680 2407 Inhalt
696 2376 755 2406 der
772 2374 873 2414 Rede,

211 2420 284 2457 das,
309 2430 377 2451 was
401 2430 473 2451 man
499 2425 608 2461 sagte,
639 2420 683 2451 ist
707 2420 796 2450 nicht
819 2418 878 2450 auf

211 2466 318 2496 oratio
341 2464 487 2504 (Andere
510 2465 601 2496 lesen
624 2465 655 2496 in
674 2465 781 2504 Bezug
798 2464 874 2495 dar-

211 2507 270 2540 auf
284 2510 478 2552 proficeret)
501 2509 663 2551 bezogen,
691 2509 759 2550 vgl.
783 2519 823 2539 zu
847 2519 874 2539 c.

947 1932 1000 1962 11.
1024 1950 1067 1954 —
1089 1943 1135 1963 επ·
1157 1934 1297 1974 scripto,
1322 1942 1347 1963 s.
1373 1942 1401 1963 c.
1426 1932 1485 1971 35,
1512 1932 1540 1963 1.
1564 1950 1609 1954 —

944 1975 1065 2016 editae,
1089 1986 1114 2008 s.
1135 1976 1187 2016 37,
1205 1977 1258 2016 35,
1278 1976 1314 2015 3,
1333 1977 1387 2016 44,
1405 1975 1459 2017 37,
1478 1976 1508 2007 8.

989 2038 1054 2082 40,
1074 2037 1188 2075 5-41.
1214 2042 1390 2084 Befreiung
1406 2054 1469 2075 von
1487 2042 1608 2084 Argos.
1668 2076 1676 2083 ,

945 2087 1030 2119 Plut.
1051 2087 1116 2119 Tit.
1139 2088 1189 2119 12.

991 2152 1078 2184 5-7.
1109 2162 1215 2195 prope
1238 2156 1398 2184 erwartet
1421 2161 1495 2183 man
1519 2151 1610 2183 nicht

946 2196 1049 2228 neben
1077 2197 1153 2228 aliis
1177 2207 1280 2240 super
1307 2196 1398 2236 aliis,
1428 2196 1608 2228 besonders

945 2242 985 2272 da
1008 2241 1097 2273 ‹liese
1120 2241 1254 2273 Formel
1277 2241 1365 2272 nicht
1387 2241 1487 2273 leicht
1506 2240 1610 2272 durch

944 2286 1203 2326 eingeschobene
1212 2285 1333 2318 Worte
1347 2290 1500 2326 getrennt
1508 2286 1609 2324 wird,

944 2330 1037 2362 viell.
1067 2331 1112 2362 ist
1139 2341 1174 2369 es
1204 2329 1356 2362 Glossem
1383 2341 1448 2361 von
1476 2333 1610 2361 tantum

945 2385 1020 2414 ηοη,
1039 2385 1064 2406 s.
1081 2376 1112 2414 4,
1127 2375 1157 2412 2,
1177 2375 1231 2413 123
1251 2375 1370 2416 25,15,
1388 2375 1414 2405 1.
1429 2392 1471 2397 —
1488 2377 1521 2405 et
1534 2375 1608 2417 ipsi,

945 2419 1072 2460 gleiche
1112 2419 1294 2460 Stimmung
1332 2419 1419 2450 wird
1457 2419 1510 2450 bei
1548 2419 1609 2450 den

944 2464 1082 2504 iibrigen
1100 2463 1262 2495 Griechen
1284 2467 1555 2504 vorausgesetzt3
1580 2474 1608 2495 c.

946 2509 976 2547 9,
985 2508 1016 2539 9.
1025 2508 1210 2547 —Pellen.‚
1219 2519 1246 2540 c.
1258 2508 1310 2550 29,
1322 2509 1372 2540 14.
1382 2509 1508 2540 —lmz'c
1520 2508 1609 2549 laet,
