1715 2723
114 1350 133 1382 6

167 177 250 215 224

582 172 706 205 LIBER
722 173 882 206 XXXIII.
907 173 999 205 CAP.
1016 172 1071 226 25ἶ
1089 173 1144 205 26.

1424 188 1449 205 11,.
1465 188 1492 205 11.
1508 181 1571 207 558.

167 277 315 329 proelio
340 276 498 323 victum,
527 275 737 315 exercitum
759 275 842 314 eius
863 275 996 315 fusum
1012 275 1200 326 fugatum,
1232 276 1376 314 multos
1397 276 1571 315 inlustris

168 334 269 372 viros
290 333 329 371 in
350 332 428 371 acie
450 332 642 379 cecidisse,
666 332 905 371 Tuditanum
926 345 1015 371 611111
1037 332 1140 383 gravi
1160 330 1318 370 vulnere
1338 332 1503 371 relatum
1524 345 1570 371 ex

97 396 138 428 10
166 389 312 441 proelio
332 388 434 428 haud
455 389 506 428 ita
527 389 650 428 multo
671 394 761 440 post
780 388 986 440 expirasse.
1027 387 1252 427 oonsulibus
1276 388 1467 427 ambobus
1492 389 1571 427 Ita-

164 445 213 484 lia
239 445 434 497 provincia
462 458 551 485 cum
579 446 625 484 iis
647 445 879 496 legionibus,
916 457 1009 495 quas
1038 444 1256 495 superiores
1292 444 1471 484 consules
1499 444 1570 483 ha-

164 501 352 548 buissent,
374 502 539 548 decreta,
561 507 599 540 et
619 507 663 540 ut
684 506 869 553 quattuor
887 501 1056 552 legiones
1076 512 1195 539 novas
1216 501 1448 548 scriberent,
1477 500 1572 540 duas

96 565 133 596 11
164 558 353 605 urbanas,
389 558 495 604 duas,
534 571 631 609 quae
667 571 744 609 quo
779 562 936 597 senatus
971 557 1184 596 censuisset
1222 557 1492 604 mitterentur3
1532 562 1572 596 et

165 614 208 653 T.
240 614 443 661 Quinctius
473 615 713 653 Flamininus
752 615 853 664 [cum
890 614 1038 652 duabus
1073 612 1296 665 legionibus]
1332 613 1571 664 provinciam

165 670 302 709 eodem
324 671 494 710 exercitu
522 671 695 710 obtinere
722 671 872 717 iussus3
902 670 1112 722 imperium
1140 669 1174 709 ei
1202 675 1453 721 prorogatum
1480 669 1571 708 satis

93 728 148 767 26
163 726 241 765 iam
262 732 351 766 ante
372 727 489 766 videri
510 740 606 766 esse.
640 728 844 766 Praetores
860 727 997 766 deinde
1012 726 1228 778 provincias
1244 727 1383 773 sortiti,
1404 726 1445 765 L.
1463 726 1571 777 Apu-

164 783 260 822 stius
280 783 391 821 Fullo
412 783 605 825 urbanam
618 784 923 822 iurisdictionem
937 814 945 828 ,
973 782 1035 821 Μ’.
1058 783 1199 822 Acilius
1221 783 1373 821 Glabrio
1395 783 1497 821 inter
1517 782 1571 821 ci-

163 839 220 877 vis
241 844 280 877 et
299 840 535 890 peregrinos,
559 840 603 885 Q.
626 840 766 878 Fabius
788 840 910 878 Buteo
932 839 1158 890 Hispaniam
1172 839 1410 883 ulteriorem,
1433 839 1478 884 Q.
1501 838 1571 876 Mi-

114 902 134 933 2
163 895 300 933 nucius
319 895 511 934 Thermus
539 895 772 941 citeriorem,
796 896 834 934 C.
856 894 1007 934 Laelius
1030 895 1211 940 Siciliam,
1234 895 1291 933 Ti.
1316 894 1572 945 Sempronius

114 959 133 989 3
161 950 317 1001 Longus
340 951 569 989 Sardiniam.
611 951 656 997 Q.
678 951 796 990 Fabio
818 951 985 990 Buteoni
1006 956 1043 989 et
1064 950 1109 996 Q.
1130 950 1317 996 Minucio,
1341 950 1481 1002 quibus
1501 950 1571 989 Hi-

163 1007 319 1057 spaniae
338 1007 556 1057 provineiae
578 1012 795 1053 evenerant,
817 1007 996 1046 consules
1013 1006 1183 1058 legiones
1204 1007 1373 1057 singulas
1395 1020 1439 1045 ex
1457 1011 1572 1058 quat-

161 1067 252 1101 tuor
271 1062 317 1101 ab
339 1075 379 1101 se
401 1063 567 1114 scriptis,
591 1076 686 1114 quas
707 1063 914 1109 videretur,
937 1068 980 1101 ut
1001 1063 1136 1102 darent
1152 1063 1350 1102 decretum
1367 1069 1426 1102 est
1447 1068 1484 1101 et
1505 1075 1572 1102 so-

113 1127 134 1158 4
162 1119 265 1157 cium
286 1131 329 1158 ac
345 1119 470 1158 Latini
486 1119 655 1158 nominis
673 1125 860 1171 quaterna
876 1119 982 1158 milia
998 1119 1185 1170 peditum,
1208 1125 1384 1158 trecenos
1400 1119 1569 1170 equites3

115 1183 133 1214 5
163 1175 266 1226 iique
296 1175 422 1226 primo
452 1188 607 1227 quoque
634 1181 812 1227 tempore
840 1176 881 1214 in
907 1175 1123 1227 provincias
1146 1175 1199 1214 ire
1221 1175 1328 1214 iussi.
1367 1176 1511 1214 bellum
1531 1176 1572 1214 in

161 1231 346 1281 Hispania
368 1231 503 1282 quinto
525 1237 614 1282 post
634 1244 735 1271 anno
757 1236 911 1271 motum
934 1237 1010 1278 est,
1035 1244 1151 1283 quam
1174 1232 1289 1270 simul
1311 1244 1400 1270 cum
1421 1232 1568 1271 Punico

160 1287 260 1326 bello
280 1287 407 1326 fuerat
427 1288 593 1326 finitum.

273 1343 505 1394 Priusquam
527 1349 593 1382 aut
612 1344 651 1381 hi
672 1349 870 1394 praetores
892 1344 938 1382 ad
969 1343 1112 1382 bellum
1139 1356 1259 1394 prope
1287 1356 1451 1390 novum,
1481 1345 1569 1395 quia

160 1404 246 1437 tum
267 1399 438 1450 primum
462 1412 532 1438 suo
554 1400 711 1438 nomine
734 1400 816 1439 sine
836 1400 915 1439 ullo
937 1399 1084 1439 Punico
1107 1400 1275 1439 exercitu
1304 1405 1370 1438 aut
1396 1401 1492 1439 duce
1522 1401 1569 1440 ad

160 1510 257 1541 meist
289 1510 351 1541 den
380 1510 505 1542 Namen
540 1512 603 1542 und
635 1510 728 1551 Rang·
762 1522 826 1542 von

158 1554 383 1597 Proconsuln,
407 1566 433 1586 s.
459 1555 516 1596 28,
540 1556 598 1595 38,
626 1556 659 1594 13
691 1556 748 1597 31,
773 1557 825 1595 50,

163 1599 218 1639 11,
240 1600 306 1640 vgl.
332 1600 390 1640 34,
417 1601 479 1640 55,
503 1600 522 1630 6
545 1600 605 1631 mit
629 1601 687 1642 35,
711 1600 770 1638 22,
788 1600 824 1640 63

159 1642 270 1675 fer-ner
288 1644 346 1682 35,
366 1645 424 1683 24,
443 1644 461 1675 6
480 1645 538 1675 mit
556 1646 614 1685 36,
633 1646 664 1684 2,
683 1645 702 1676 6
720 1656 751 1676 u.
770 1646 824 1685 37,

157 1689 219 1727 463
246 1688 306 1728 38,
325 1690 444 1727 35,10
467 1690 526 1721 mit
550 1691 608 1729 39,
629 1690 687 1729 29,
706 1691 744 1727 4;
770 1690 822 1726 39,

157 1733 216 1773 38,
235 1734 253 1765 3
272 1734 330 1766 mit
349 1733 485 1774 39‚56,
508 1735 519 1765 1
541 1735 783 1777 11.2;40,16,
803 1736 820 1765 7

156 1789 185 1809 u.
203 1788 233 1810 a.
262 1797 306 1802 —
329 1778 478 1816 litterae,
511 1779 746 1811 Privatbriefe.
776 1799 821 1802 —-

153 1824 232 1865 fusi
251 1824 350 1865 faga,
374 1835 400 1855 s.
426 1823 487 1863 40,
511 1825 570 1863 43,
591 1826 625 1855 6:
649 1825 819 1867 eoetemplo

153 1868 232 1909 fusi
245 1868 368 1910 fugati
381 1879 463 1900 moa·
478 1888 500 1891 —
517 1869 689 1912 compulsi.
709 1888 750 1892 —
768 1872 819 1901 [η-

153 1912 280 1944 lastres
295 1924 333 1950 u,
352 1913 508 1944 Offieiere
522 1915 585 1945 und
599 1917 681 1947 ro'm.
694 1914 817 1955 Ritter,

155 1967 181 1989 s.
202 1968 228 1988 6.
249 1958 302 1997 36,
321 1958 359 1996 53
379 1958 437 1997 30,
458 1958 509 1999 18,
530 1959 581 1995 15,
600 1960 665 1999 vgl.
687 1959 769 1990 oben
787 1971 816 1992 e.

154 2001 208 2042 22,
228 2002 257 2033 8.
275 2021 319 2024 -
336 2013 409 2033 eum
424 2013 482 2044 gr.
500 2014 541 2043 v.‚
560 2003 627 2035 Cic.
645 2003 715 2035 Att.
736 2005 766 2043 6,
786 2005 816 2044 9,

155 2046 189 2078 1:
214 2049 246 2078 te
263 2047 402 2079 Romam
428 2050 554 2079 venisse
579 2068 598 2071 —
621 2059 694 2080 eum
713 2049 816 2090 febri.

152 2109 196 2114 —
213 2091 314 2133 dicas,
337 2103 414 2133 qm),
439 2093 506 2133 vgl.
526 2093 563 2123 31
578 2119 585 2131 ,
605 2094 639 2132 8,
662 2094 717 2132 11,
742 2105 766 2125 s.
787 2106 814 2126 c.

153 2136 212 2175 26,
230 2136 259 2167 3.
278 2155 321 2159 —
338 2136 451 2168 eodem
477 2148 589 2169 emere.
616 2138 736 2169 kiinnte
760 2140 815 2169 be-

150 2181 286 2212 deuten:
306 2192 342 2213 so
357 2182 432 2213 dass
450 2182 483 2213 in
501 2183 571 2213 dem
586 2183 690 2214 Heere
708 2183 814 2214 nichts

150 2226 326 2268 ge'andeiff,
350 2226 444 2258 keine
462 2238 566 2258 neuen
584 2227 736 2269 Truppen
755 2239 814 2259 zur

150 2270 321 2311 Abli‘isung
337 2272 507 2312 geschickt
523 2273 678 2309 wurden,
702 2274 765 2313 vgl.
785 2284 811 2304 6.

149 2316 209 2354 43,
229 2316 264 2354 6;
285 2317 368 2347 doch
386 2317 430 2348 ist
447 2318 722 2349 wahrscheinlich
738 2328 811 2349 enm

148 2360 279 2392 (lembus
294 2362 482 2403 legionibus
496 2362 659 2394 Glossein.
677 2381 720 2385 ——
732 2373 813 2405 pro-

150 2416 222 2445 rog.
244 2417 284 2445 s.‚
303 2418 328 2437 s.
349 2407 401 2441 32,
421 2408 474 2448 28,
492 2407 522 2438 9.

194 2446 263 2483 26.
283 2451 370 2482 3-5.
397 2452 587 2494 Hispaniae,
604 2453 670 2492 vgl.
687 2452 738 2491 32,
758 2452 811 2491 28,

148 2495 179 2526 2.
198 2515 240 2517 -κ
257 2496 409 2527 consules
427 2502 488 2528 ete.
502 2521 509 2535 ,
529 2508 554 2528 s.
576 2497 635 2533 32,
655 2497 684 2536 8,
703 2498 739 2536 ῦς
759 2498 810 2528 die

148 2540 266 2571 relatio
285 2541 340 2571 des
360 2540 496 2574 l'riitors
516 2554 542 2573 6.
564 2542 623 2581 21,
642 2542 660 2573 9
686 2540 808 2582 mmm,

148 2584 247 2615 nieht.
271 2603 312 2607 —
335 2586 376 2616 ab
400 2598 452 2627 se,
477 2597 503 2617 ‹·.
535 2588 586 2625 19,
611 2587 640 2619 2.
661 2606 702 2609 ——
726 2598 808 2627 quas

901 1510 982 1551 vid,
1007 1510 1065 1550 31,
1091 1510 1129 1550 3,
1154 1511 1184 1541 2.
1210 1530 1253 1532 -
1277 1513 1380 1552 iique,
1410 1511 1461 1543 die
1484 1511 1568 1543 Prai-

898 1561 1007 1587 toren.
1041 1574 1086 1578 ——
1118 1557 1231 1596 quinto
1264 1575 1285 1578 —
1316 1556 1468 1598 finitum:
1507 1557 1566 1588 der

898 1599 1002 1641 Rrieg
1020 1600 1067 1632 sei
1090 1598 1166 1631 111111ι
1178 1601 1277 1632 ,1111116
1302 1602 1385 1632 nach
1402 1601 1462 1633 der
1478 1601 1567 1642 Zeit,

897 1655 949 1676 wo
976 1656 1013 1677 er
1037 1645 1189 1685 zugleieh
1213 1646 1272 1677 mit
1291 1646 1362 1677 dem
1386 1646 1565 1688 punisehen

896 1690 1050 1731 beendigt
1066 1691 1218 1729 worden,
1242 1690 1367 1722 wieder
1383 1691 1566 1732 ausgehro-

897 1736 995 1774 chen3
1014 1735 1114 1767 allein
1127 1734 1166 1766 L.
1183 1736 1239 1767 hat
1253 1736 1366 1767 weder
1382 1736 1490 1768 dieses
1508 1737 1565 1768 be-

894 1781 1021 1817 merkt,
1056 1781 1140 1811 noch
1173 1781 1248 1812 dass
1287 1781 1471 1826 iiberhaupt
1503 1783 1562 1813 der

894 1823 999 1866 h'rieg
1017 1825 1049 1856 in
1067 1825 1209 1867 Spanieu
1226 1826 1345 1866 geruht
1362 1826 1456 1866 habe,
1474 1827 1560 1859 viel-

892 1871 986 1901 mehr
1008 1871 1111 1901 durch
1134 1870 1186 1901 die
1210 1870 1388 1912 Triumphe
1413 1871 1474 1911 31,
1500 1872 1559 1911 203

893 1915 953 1955 32,
979 1916 1013 1954 7,
1038 1925 1133 1946 wenn
1157 1915 1246 1946 diese
1270 1916 1352 1947 auch
1377 1916 1558 1948 besonders

891 1969 1003 1999 wegen
1050 1960 1108 1990 der
1148 1960 1207 1999 29,
1248 1960 1266 1991 2
1313 1961 1557 2001 gese-hilderten

890 2004 1045 2035 Schlacht
1084 2005 1254 2036 verliehen
1295 2006 1430 2037 worden
1472 2006 1556 2047 sind,

890 2048 1001 2080 fernei·
1025 2050 1129 2080 durch
1151 2050 1212 2080 den
1241 2050 1302 2090 31,
1326 2051 1389 2089 49,
1410 2051 1426 2081 7
1452 2062 1482 2081 u.
1502 2051 1555 2091 33,

889 2094 930 2125 27
971 2094 1163 2125 eer‘ihnteu
1204 2095 1308 2126 selbst
1347 2096 1554 2138 angedeutet,

889 2139 963 2170 dass
983 2139 1041 2170 (161·
1060 2138 1181 2181 Hampf
1195 2140 1310 2171 inimer
1327 2138 1555 2180 fortgedauert

887 2184 980 2219 habe,
999 2194 1039 2215 1111
1057 2196 1086 2215 11.
1102 2184 1150 2215 St.
1166 2185 1236 2216 also
1257 2185 1328 2216 sich
1342 2186 1432 2217 nicht
1448 2196 1553 2226 genau

887 2229 1121 2269 ausgedriiekt,
1141 2240 1235 2260 wenn
1249 2241 1286 2261 61·
1303 2241 1365 2261 nur
1378 2231 1434 2262 hat
1452 2241 1552 2271 sagea

885 2274 1023 2311 wellen,
1048 2275 1123 2305 dass
1142 2275 1221 2315 jone
1239 2273 1378 2316 {ii-iege,
1403 2276 1550 2316 obgleich

886 2318 936 2349 die
950 2318 1152 2351 Feldherren
1167 2320 1397 2361 triumphiren,
1416 2331 1477 2352 nur
1490 2332 1550 2352 un-

886 2364 1068 2395 bedeutend
1085 2374 1238 2405 gewesen
1257 2365 1363 2405 seien,
1389 2366 1452 2396 und
1469 2376 1548 2397 con-

883 2409 1068 2440 sularische
1081 2409 1186 2441 Heere
1205 2411 1251 2450 (es
1271 2419 1340 2440 wal·
1358 2420 1420 2440 nur
1437 2410 1490 2448 21,
1508 2411 1546 2441 17

883 2453 934 2484 6111
958 2455 1087 2485 solches
1113 2455 1194 2486 nach
1212 2454 1351 2496 Spanien
1376 2455 1547 2495 geschickt

881 2499 1028 2532 worden)
1048 2500 1136 2531 nicht
1153 2498 1320 2531 erfordert
1335 2500 1462 2531 hatten.

927 2544 1012 2575 iJ-S.
1040 2555 1101 2576 sao
1124 2555 1230 2583 nom„
1255 2544 1312 2580 31,
1331 2544 1389 2583 28,
1408 2544 1448 2584 2,
1472 2545 1547 2576 das-

881 2588 970 2619 selbe
988 2589 1031 2620 ist
1050 2590 1148 2621 sehon
1164 2590 1217 2630 29,
1235 2590 1261 2631 1,
1276 2589 1319 2620 24
1336 2590 1543 2629 augmentet,
