1715 2723
217 102 303 144 274

630 98 756 130 LIBER
782 97 977 130 XXXVIII.
1009 97 1101 130 CAP.
1127 101 1157 132 5.
1181 101 1212 133 6.

1449 106 1502 137 ¹a.
1520 105 1550 125 u.
1570 97 1636 126 5⁶5.

217 210 303 244 tore
331 202 570 246 Aetolorum,
599 211 669 238 seu
700 200 788 250 quia
820 200 950 251 potius
980 201 1109 240 visum
1140 206 1197 240 est
1216 201 1482 253 Amphilochis
1513 214 1641 254 nuper

218 260 382 311 receptis
405 260 508 296 ferre
529 268 656 307 opem,
678 267 778 306 quos
797 255 976 304 Perseus,
1003 257 1171 308 Philippi
1189 257 1302 305 filius,
1326 259 1466 297 missus
1490 259 1538 297 ad
1559 260 1640 298 Do-

173 321 201 360 6
218 317 362 368 lopiam
373 313 731 364 Amphilochosque
755 313 1011 364 recipiendos,
1031 326 1184 352 summa
1205 313 1242 352 vi
1263 315 1521 365 oppugnabat.
1552 315 1643 354 Tri-

220 374 293 412 bus
321 371 436 416 locis,
465 369 565 408 sicut
591 374 678 407 ante
708 369 854 407 dictum
885 375 954 416 est,
992 370 1038 408 ad
1069 370 1289 421 Pyrrheum
1319 383 1435 421 opera
1464 372 1641 411 Romana

222 433 341 474 erant,
372 438 472 477 quae
497 425 628 463 omnia
657 425 785 472 simul,
815 425 882 464 sed
911 438 984 464 nec
1013 431 1197 477 apparatu
1217 438 1290 465 nec
1311 427 1348 465 vi
1369 427 1495 475 simili,
1519 428 1643 467 Aetoli

180 495 201 527 2
220 483 393 535 adgressi
415 487 527 521 sunt:
557 481 618 520 alii
647 493 738 520 cum
767 482 993 521 ardentibus
1018 483 1179 530 facibus,
1209 483 1272 521 alii
1293 488 1474 534 stuppam
1492 484 1643 534 picem-

222 553 298 592 que
321 545 358 579 et
379 539 577 578 malleolos
598 539 779 585 ferentes,
799 543 877 577 tota
900 539 1113 578 collucente
1140 539 1306 578 flammis
1326 539 1417 587 acie,
1440 539 1643 579 advenere.

182 602 201 633 3
221 597 365 636 multos
396 595 525 646 primo
555 595 704 645 impetu
735 595 916 634 custodes
947 601 1249 647 oppresserunt3
1296 595 1404 643 dein,
1436 602 1644 647 postquam

221 654 368 692 clamor
392 652 662 702 tumultusque
690 651 731 690 in
762 657 885 690 castra
916 658 974 691 est
1002 653 1171 703 perlatus
1203 652 1414 702 datumque
1445 665 1465 691 a
1485 653 1645 691 consule

221 710 390 761 signum,
409 720 516 747 arma
541 708 699 759 capiunt
720 713 757 746 et
776 707 959 747 omnibus
980 709 1101 759 portis
1114 709 1160 747 ad
1173 720 1288 759 opem
1301 709 1501 747 ferendam
1514 709 1644 748 effun-

181 769 204 800 4
223 767 381 805 duntur.
409 777 490 803 uno
506 764 546 802 in
565 765 650 802 loco
673 766 777 802 ferro
797 764 956 815 ignique
978 771 1079 815 gesta
1103 778 1186 812 res3
1207 765 1253 803 ab
1277 764 1432 804 duobus
1453 765 1561 804 irrito
1581 766 1645 804 in-

222 828 345 874 cept0,
377 833 467 860 cum
497 826 749 871 temptassent
780 820 900 871 magis
931 832 1050 871 quam
1079 821 1243 860 inissent
1272 827 1488 869 certamen,
1519 822 1643 861 Aetoli

183 883 203 914 5
221 879 516 924 abscesserunt;
546 882 657 916 atrox
687 889 817 927 pugna
841 877 882 915 in
909 889 1035 915 unum
1055 877 1304 916 inclinaverat
1324 878 1467 916 locum.
1509 878 1562 916 ibi
1584 878 1644 916 di-

222 936 345 975 versis
382 933 556 986 partibus
583 933 661 972 duo
689 933 807 972 duces
838 933 1079 984 Eupolemus
1110 940 1147 972 et
1176 933 1411 972 Nicodamus
1438 934 1646 985 pugnantis

221 991 476 1031 hortabantur
496 995 533 1028 et
553 1001 677 1041 prope
699 995 801 1028 certa
824 989 1007 1029 fovebant
1026 1002 1095 1040 spe
1115 990 1193 1028 iam
1205 990 1444 1029 Nicandrum
1467 1002 1514 1029 ex
1533 1003 1644 1029 com-

182 1064 201 1096 6
220 1048 347 1100 posito
372 1047 508 1086 adfore
538 1052 575 1084 et
603 1052 707 1097 terga
731 1046 903 1084 hostium
922 1047 1163 1085 invasurum.
1211 1047 1305 1084 haec
1325 1059 1387 1085 res
1409 1046 1646 1097 aliquamdiu

220 1105 372 1144 animos
412 1102 671 1154 pugnantium
710 1103 914 1149 sustinuit;
958 1108 1150 1149 ceterum,
1189 1109 1396 1154 postquam
1421 1104 1572 1141 nullum
1598 1115 1645 1141 ex

221 1160 438 1212 composito
465 1160 619 1210 signum
651 1172 671 1197 a
697 1160 778 1198 suis
807 1158 1046 1210 accipiebant
1074 1165 1111 1198 et
1140 1171 1313 1198 crescere
1334 1171 1545 1198 numerum
1571 1159 1645 1197 ho-

182 1225 203 1258 7
221 1218 340 1257 stium
371 1216 592 1262 cernebant,
622 1216 791 1255 destituti
819 1215 976 1266 segnius
1005 1216 1171 1262 instare3
1202 1222 1401 1266 postremo
1430 1228 1472 1254 re
1504 1216 1647 1254 omissa

220 1275 298 1314 iam
338 1274 402 1312 vix
427 1278 509 1312 tuto
538 1278 697 1323 receptu
726 1273 919 1323 fugientes
949 1272 990 1310 in
1020 1272 1158 1310 urbem
1188 1273 1495 1322 compelluntur,
1538 1278 1646 1323 parte

220 1342 386 1382 operum
415 1330 572 1368 incensa
599 1335 636 1368 et
656 1328 832 1379 pluribus
855 1329 1062 1379 aliquanto,
1092 1341 1209 1379 quain
1229 1329 1303 1379 ipsi
1325 1329 1552 1375 ceciderant,
1582 1329 1647 1367 in-

219 1489 325 1527 copias
349 1488 411 1526 24,
436 1487 491 1526 46,
526 1486 564 1524 33
601 1491 770 1525 terrorem,
813 1495 898 1523 spem

220 1535 383 1564 admovere
397 1543 429 1562 u.
450 1531 480 1562 a.
495 1548 538 1552 —
557 1532 700 1571 Perseus,
721 1531 774 1567 31,
791 1531 845 1569 28,
867 1532 896 1562 5.

219 1596 266 1600 ——
281 1579 452 1617 recipiend.
472 1576 554 1607 nach
570 1578 699 1615 receptis
724 1575 790 1605 wol
815 1576 897 1606 ohne

221 1623 371 1655 Absicht.
399 1640 442 1644 --
471 1632 620 1662 oppuqn„
647 1622 700 1657 36,
728 1622 758 1657 7,
786 1622 815 1652 7.

269 1666 307 1705 6.
335 1669 432 1700 1—5.
458 1679 529 1699 oum
543 1667 696 1706 ardfaa,
716 1665 781 1696 wie
793 1665 896 1708 ἕχον-

221 1726 289 1756 τες,
316 1713 500 1755 entspricht
515 1714 679 1754 ferentes,
706 1722 731 1743 s.
759 1713 812 1749 35,
842 1712 895 1749 27,

224 1763 263 1799 53
294 1759 337 1790 ib.
365 1760 428 1799 34,
454 1759 582 1797 7329,
614 1757 817 1797 19,12;9,
847 1758 899 1795 16,

223 1806 261 1847 33
287 1804 353 1836 Cic.
373 1804 468 1835 Caee.
497 1805 527 1838 9,
554 1804 613 1835 25:
637 1814 708 1834 cum
721 1803 819 1842 ferro
845 1804 899 1833 in-

220 1854 353 1888 vadere;
386 1849 518 1881 Vitruv.
544 1850 574 1886 2,
602 1850 632 1888 8,
658 1850 696 1881 4:
722 1859 790 1879 cum
812 1850 900 1878 masis

210 1898 337 1938 ferreis
364 1913 406 1916 —
436 1896 560 1932 frontes
593 1897 714 1925 vinctae
745 1899 829 1925 szmt.
856 1910 898 1915 —

220 1944 363 1980 malleol„
389 1941 443 1978 42,
470 1941 524 1973 64,
551 1940 590 1980 33
619 1938 743 1970 Nonius
763 1949 792 1979 p.
814 1940 897 1971 556:

221 1989 373 2025 malleoli,
409 1987 571 2024 manipuli
591 1988 711 2024 spartei
730 1987 802 2023 pice
825 1995 897 2016 con-

221 2035 308 2072 tecti,
344 2033 405 2072 qui
430 2033 554 2062 iozcensc'
574 2037 630 2061 aest
656 2033 689 2061 in
714 2040 820 2061 muros
844 2035 898 2060 aut

221 2080 258 2109 in
296 2079 466 2109 testudines
507 2078 677 2107 iaciuntur.
703 2093 744 2097 —
776 2077 899 2113 collita,

222 2125 255 2162 4,
281 2124 334 2161 33,
359 2124 396 2155 2;
421 2123 587 2153 multitudo
605 2122 737 2161 facibus
755 2126 820 2152 tota
839 2123 899 2151 col-

223 2172 341 2201 lucens.
368 2186 407 2190 —
436 2173 556 2206 castra,
583 2166 633 2197 die
659 2166 731 2197 eine
758 2165 896 2197 Strecke

222 2214 332 2245 davon
356 2211 501 2244 entfernt
525 2211 608 2245 sind,
637 2222 663 2243 c.
689 2214 719 2245 5,
748 2214 777 2243 7.
796 2228 833 2233 —
849 2222 897 2242 ea-

216 2262 333 2298 pium,
373 2257 423 2289 die
462 2257 619 2289 Soldateu
653 2257 695 2288 im
715 2256 915 2296 Lage1·.--·

216 2312 303 2344 port.
324 2323 368 2327 —
387 2306 450 2345 eff,
466 2314 491 2334 s.
505 2313 533 2334 c.
555 2304 606 2339 18,
622 2303 798 2342 6335,11‚
814 2304 897 2334 4.—

223 2361 288 2382 wzo
312 2352 347 2381 in
371 2352 434 2381 loco
455 2348 539 2380 fehlt
562 2348 595 2379 in
620 2348 679 2379 der
699 2347 806 2378 Bainb.
825 2346 898 2387 Hs.;

224 2405 320 2427 wenn
356 2396 440 2426 auch
473 2404 514 2425 an
552 2394 610 2425 der
634 2392 899 2431 Wiederholuug

225 2443 259 2472 in
286 2452 388 2472 unum
415 2443 471 2472 loo.
497 2438 572 2470 kein
597 2439 736 2469 Anstoss
756 2448 796 2468 zu
817 2438 897 2468 neh-

224 2496 296 2517 men
323 2486 384 2526 ist,
412 2496 436 2516 s.
464 2495 490 2515 c.
518 2487 549 2520 7,
575 2487 613 2524 43
640 2485 694 2517 35.
721 2484 774 2519 29,
802 2484 839 2524 23
866 2484 896 2521 7,

225 2532 280 2572 22,
302 2530 349 2564 lf.
371 2542 400 2562 u.
422 2541 462 2569 o.,
485 2540 521 2561 so
536 2533 622 2561 setzt
638 2529 720 2559 doch
745 2530 900 2560 inclinare

967 1486 1002 1515 in
1037 1495 1092 1515 me.
1118 1487 1172 1516 loc.
1198 1494 1337 1525 voraus,
1375 1484 1449 1515 dass
1475 1482 1535 1515 auf
1555 1483 1643 1516 allen

967 1528 1117 1561 Punkten
1152 1530 1275 1560 vorher
1306 1528 1475 1570 gek‘zimpft
1508 1529 1645 1560 worden

967 1575 1026 1610 sei,
1053 1586 1089 1606 so
1115 1576 1190 1606 dass
1215 1587 1280 1607 uuo
1308 1578 1343 1606 in
1366 1578 1429 1606 loco
1447 1574 1644 1605 schwerlich

968 1620 1090 1660 richtig
1117 1620 1176 1661 ist3
1218 1619 1294 1651 ffillt
1320 1619 1399 1651 aber
1425 1620 1531 1651 dieses
1556 1629 1642 1660 weg,

967 1676 1003 1696 so
1036 1664 1121 1696 fehlt
1145 1666 1202 1696 das
1228 1665 1423 1696 Substantiv
1448 1675 1487 1696 zu
1511 1666 1642 1705 duobm,

967 1711 1009 1741 da
1057 1721 1114 1742 aus
1164 1711 1235 1742 dein
1275 1709 1352 1751 fulg.
1403 1713 1503 1742 locum
1554 1710 1644 1741 nicht

968 1756 1035 1787 wol
1077 1759 1151 1788 loeis
1190 1756 1329 1797 erg'zinzt
1366 1756 1498 1787 werden
1536 1755 1644 1798 kann;

969 1801 1104 1833 deshalb
1129 1801 1214 1833 wird
1240 1811 1340 1833 verm.
1366 1801 1440 1832 dass
1466 1801 1572 1832 dieses
1593 1801 1645 1832 od.

968 1849 1114 1886 operibus
1139 1846 1344 1887 ausgefallen
1369 1846 1426 1879 sei.
1449 1865 1478 1868 -—
1516 1848 1646 1887 Eupol„

967 1903 993 1924 c.
1023 1896 1053 1931 4,
1080 1895 1108 1926 S.
1129 1911 1173 1915 —
1189 1893 1308 1933 foveb.,
1334 1893 1419 1923 auch
1445 1892 1528 1923 dazu
1555 1892 1643 1922 kann

961 1941 1139 1979 puynamz's
1159 1937 1278 1978 object
1303 1938 1384 1975 sein,
1410 1948 1436 1971 s,
1455 1936 1532 1968 Tac.
1553 1937 1591 1968 H.
1612 1938 1643 1975 3,

968 1984 1028 2023 833
1052 1986 1190 2023 populus
1217 1986 1272 2015 hos
1291 1994 1407 2014 rursus
1425 1985 1496 2014 illos
1513 1985 1645 2014 clamore

966 2036 994 2061 et
1014 2032 1132 2069 plausu
1148 2031 1301 2071 fovebat,·
1326 2027 1409 2061 Pliu.
1436 2027 1494 2070 Ep.
1525 2030 1552 2062 1.
1585 2029 1636 2068 14,

970 2076 1005 2114 1;
1036 2074 1070 2106 L.
1100 2077 1154 2114 40,
1181 2077 1211 2115 ξ),
1240 2077 1277 2107 5:
1295 2076 1474 2116 fovendam
1499 2085 1594 2113 spem.

1013 2167 1111 2198 6-9.
1136 2176 1174 2196 ex
1198 2175 1328 2203 compos.
1354 2165 1473 2205 gehijrt
1494 2164 1584 2195 nicht
1602 2174 1641 2195 zu

966 2214 1109 2249 mallum,
1152 2211 1292 2241 sondern
1336 2209 1379 2240 ist
1411 2210 1493 2240 kurz
1528 2213 1646 2250 gesagt

967 2260 1067 2287 statt:
1095 2256 1143 2287 als
1161 2256 1209 2287 sie
1230 2256 1287 2286 das
1304 2254 1458 2293 Zeichen,
1485 2255 1542 2286 das
1561 2255 1644 2285 nach

968 2302 1025 2333 der
1042 2301 1291 2341 Verabredung,
1317 2311 1341 2331 s.
1362 2302 1416 2339 25,
1444 2303 1474 2339 9,
1505 2302 1556 2338 10,
1582 2309 1642 2339 ge-

967 2348 1071 2387 geben
1089 2347 1221 2378 werden
1238 2345 1348 2381 sollte,
1367 2345 1458 2376 nicht
1472 2345 1642 2383 bekamen,

969 2403 993 2424 s.
1021 2403 1046 2423 c.
1074 2394 1126 2427 22.
1155 2395 1183 2424 2.
1210 2410 1255 2413 —
1279 2393 1392 2429 deste't„
1423 2390 1515 2421 Preis
1541 2399 1643 2430 gege-

968 2438 1041 2469 ben.
1067 2449 1092 2469 s.
1119 2439 1180 2472 30,
1210 2440 1263 2477 41,
1296 2438 1355 2477 103
1382 2437 1435 2476 23,
1466 2437 1517 2473 10,
1543 2438 1572 2468 5.
1599 2453 1643 2458 —

967 2485 1045 2522 ipsi,
1086 2483 1134 2513 als
1162 2483 1252 2513 ihrer
1279 2482 1382 2513 selbst
1409 2490 1533 2521 waren,
1571 2479 1642 2520 die3

967 2538 1030 2559 von
1056 2528 1151 2559 ihuen
1176 2528 1297 2567 selbst,
1324 2526 1392 2567 vgl.
1423 2528 1483 2567 35,
1514 2528 1573 2566 30,
1602 2527 1642 2565 63
