1715 2723
141 1021 199 1061 26

218 129 301 171 130

637 127 762 160 LIBER
785 127 949 162 XXXVI.
975 127 1067 161 CAP.
1093 130 1146 162 25.
1172 130 1226 163 26.

1483 136 1509 155 a.
1528 136 1556 155 u.
1574 127 1635 155 563.

222 232 345 279 enixe,
371 231 475 270 velut
493 231 695 282 proposito
720 231 942 278 certamine,
963 232 1128 270 Romani
1140 232 1447 283 Macedonesque
1470 232 1572 271 diem
1592 244 1640 271 ac·

219 293 376 327 noctem
398 293 463 326 aut
481 287 522 325 in
545 287 729 338 operibus
755 288 879 326 autin
900 288 1056 338 proeliis
1077 293 1216 336 essent,
1238 289 1313 327 hoc
1333 289 1456 328 maior
1466 289 1639 327 difficul-

219 352 276 383 tas
296 343 572 382 Macedonibus
595 349 686 391 erat,
719 344 825 394 quod
845 344 1012 383 Romani
1033 357 1171 396 aggere
1193 350 1229 383 et
1247 345 1370 384 vineis
1392 351 1428 384 et
1450 345 1635 384 omnibus

178 427 181 429 -
221 413 338 451 supra
350 406 493 439 terram
516 400 712 451 operibus,
734 400 868 439 subter
889 400 1118 440 Macedones
1138 401 1326 440 cuniculis
1347 401 1636 453 oppugnabant,

181 465 201 496 5
221 462 257 496 et
284 457 324 495 in
346 457 492 507 asperis
511 457 604 495 locis
625 457 718 495 silex
739 469 853 508 saepe
873 457 1161 508 inpenetrabilis
1182 459 1285 496 ferro
1307 458 1546 497 occurrebat.
1601 463 1638 496 et

221 525 311 551 cum
331 526 471 564 parum
491 513 719 564 procederet
736 513 947 564 inceptum,
973 526 1042 564 per
1066 514 1256 565 colloquia
1275 514 1498 564 principum
1519 514 1636 565 oppi-

180 572 200 603 6
221 570 344 608 danos
370 569 579 620 temptabat
606 582 687 616 reX,
719 576 761 609 ut
789 570 928 609 urbem
958 570 1155 618 dederent,
1176 570 1278 610 haud
1300 570 1454 616 dubius,
1478 570 1584 621 quin,
1604 570 1638 610 si

219 626 328 677 prius
351 627 534 665 Heraclea
557 632 663 677 capta
684 628 794 674 foret,
820 627 1007 666 Romanis
1031 639 1071 665 se
1092 626 1220 677 potius
1244 639 1361 677 quam
1383 626 1455 665 sibi
1468 626 1636 666 dedituri

220 688 360 730 essent,
391 695 579 734 suamque
608 683 765 734 gratiam
794 684 932 721 consul
950 683 991 721 in
1022 683 1224 722 obsidione
1244 683 1441 722 liberanda
1463 684 1636 722 facturus

180 743 199 774 7
220 745 330 778 esset.
367 751 440 778 nec
461 752 550 778 euin
573 739 704 790 opinio
729 745 785 778 est
804 741 1007 786 frustrata;
1034 740 1239 779 confestim
1259 740 1363 778 enim
1386 739 1432 778 ab
1454 739 1637 778 Heraclea

219 801 329 846 capta
352 796 513 834 nuntius
535 796 649 842 venit,
673 801 715 834 ut
726 796 1016 846 oppugnatione
1027 796 1244 835 absisteret:
1274 796 1436 847 aequius
1458 808 1541 834 esse
1551 796 1636 835 Ro-

218 864 356 891 manos
377 852 528 899 milites,
559 852 625 902 qui
646 852 725 890 acie
748 852 995 890 dimicassent
1016 865 1106 891 cum
1133 853 1288 899 Aetolis,
1318 852 1490 903 praemia
1510 852 1636 891 victo-

182 907 201 939 8
218 908 297 947 riae
320 908 474 946 habere.
504 909 553 946 ita
575 920 773 947 recessum
798 908 844 946 ab
863 908 994 947 Lamia
1014 914 1081 955 est,
1106 915 1142 947 et
1153 909 1397 959 propinquae
1409 909 1514 947 clade
1525 908 1636 946 urbis

219 965 304 1016 ipsi,
328 977 377 1003 ne
400 964 492 1014 quid
516 964 638 1002 simile
661 970 897 1015 paterentur,
921 965 1152 1015 effugerunt.

332 1021 469 1059 Paucis
493 1021 722 1071 priusquam
743 1021 925 1060 Heraclea
951 1027 1152 1072 caperetur
1173 1021 1308 1060 diebus
1328 1021 1451 1059 Aetoli
1471 1020 1636 1059 concilio

180 1080 199 1111 2
220 1077 410 1128 Hypatam
440 1083 572 1116 coacto
595 1078 738 1128 legatos
769 1077 816 1115 ad
846 1077 1082 1116 Antiochum
1114 1078 1314 1123 miserunt,
1340 1078 1441 1116 inter
1472 1089 1571 1127 quos
1600 1082 1640 1117 et

219 1134 347 1172 Thoas
371 1134 486 1180 idem,
508 1134 575 1184 qui
594 1140 630 1172 et
648 1139 770 1180 antea,
793 1134 936 1172 missus
958 1140 1027 1173 est.
1060 1135 1236 1173 mandata
1258 1140 1377 1180 erant,
1408 1139 1451 1172 ut
1475 1133 1521 1172 ab
1544 1145 1634 1184 rege

218 1196 404 1241 peterent,
435 1191 607 1240 primum
638 1195 681 1229 ut
703 1191 786 1241 ipse
816 1191 956 1229 coactis
984 1203 1122 1229 rursus
1144 1190 1392 1230 terrestribus
1413 1190 1637 1241 navalibus-

178 1249 198 1282 3
219 1259 295 1297 que
326 1247 447 1298 copiis
477 1247 517 1284 in
538 1247 735 1285 Graeciam
765 1247 953 1293 traiceret,
984 1247 1134 1293 deinde,
1166 1248 1197 1286 si
1228 1259 1303 1297 qua
1332 1247 1462 1297 ipsum
1487 1251 1638 1285 teneret

215 1316 290 1349 res,
316 1309 358 1342 ut
382 1303 587 1354 pecuniam
617 1309 653 1342 et
680 1304 817 1342 auxilia
837 1304 1021 1350 mitterem
1052 1304 1090 1341 id
1121 1316 1211 1343 cum
1241 1303 1287 1342 ad
1309 1303 1531 1354 dignitatem
1552 1303 1639 1342 eius

262 1427 360 1459 4—8.
387 1429 441 1458 vel.
463 1437 557 1465 prop.
583 1433 665 1465 cert„
692 1426 756 1457 wie
781 1437 821 1457 zu
847 1444 890 1449 —

216 1470 363 1513 berufen,
389 1471 455 1512 vgl.
492 1482 517 1502 e.
552 1473 605 1509 23,
655 1473 711 1509 1ος
746 1473 799 1509 24,
836 1473 888 1512 31,

218 1519 238 1550 6
258 1528 287 1548 u.
315 1527 342 1548 0.
369 1534 411 1539 ——
437 1518 517 1549 diem
542 1530 570 1549 a.
595 1529 638 1557 τι,
664 1516 727 1548 wie
754 1518 806 1557 33,
838 1519 889 1557 17,

222 1565 272 1601 10,
313 1562 379 1603 vgl.
419 1564 474 1605 42,
502 1564 556 1601 54,
584 1564 612 1595 3.
646 1580 689 1584 —
718 1573 786 1601 sup.
821 1569 890 1602 ter„

216 1607 407 1648 attributiv,
439 1609 466 1647 1,
491 1609 545 1647 34,
571 1611 608 1641 5:
633 1607 744 1639 lauter
763 1607 890 1639 W⁷erke

215 1653 296 1684 iiber
324 1664 354 1684 u.
380 1664 404 1685 s.
430 1663 471 1684 w.
504 1671 547 1674 —
575 1656 688 1689 cunia,
712 1654 765 1692 38,
795 1656 825 1693 7,
852 1655 891 1692 6,

216 1700 272 1739 23,
315 1700 365 1735 18,
410 1699 439 1732 8.
478 1717 521 1720 —
558 1710 656 1738 saepe,
700 1708 741 1729 an
782 1698 891 1730 vielen

216 1744 351 1776 Stellen.
370 1763 413 1766 —
430 1751 457 1776 et
477 1756 555 1784 eum,
576 1742 692 1785 kniipst
705 1754 766 1774 nur
778 1743 892 1775 locker

217 1800 270 1822 an.
306 1807 349 1812 —-
373 1801 404 1821 se
431 1807 476 1813 —
506 1792 569 1821 sibi
600 1789 816 1821 verschieden
851 1800 891 1820 zu

215 1835 383 1873 beziehen,
417 1846 441 1867 s.
478 1836 531 1873 37,
568 1837 619 1874 17,
665 1837 694 1867 5.
727 1852 770 1856 ——
801 1847 892 1867 suam

213 1892 275 1922 φτ,
303 1891 342 1912 zu
369 1881 440 1912 dem
475 1880 621 1920 seinigeu
652 1880 800 1920 macheu,
832 1880 891 1912 be-

216 1925 343 1957 wirken
364 1927 488 1964 wiirde,
506 1926 580 1956 dass
598 1935 669 1956 man
690 1925 756 1956 ihm
774 1926 891 1966 danke,

216 1981 312 2003 wenn
345 1981 381 2003 er
413 1990 456 1994 -—
488 1970 641 2011 aufhobe,
679 1971 731 2003 die
763 1970 892 2003 Aufhe-

216 2017 304 2057 hung
344 2016 409 2047 ihm
455 2017 634 2055 verdauke,
677 2027 701 2048 S.
746 2018 799 2055 33,
835 2018 889 2057 27,

218 2065 248 2095 7.
274 2080 316 2084 -
342 2063 506 2102 confestim
530 2064 578 2102 ab,
599 2073 623 2093 s.
649 2072 676 2095 e.
696 2064 750 2102 24,
777 2063 815 2101 83
838 2063 892 2104 30,

219 2108 272 2149 36,
303 2109 332 2140 1:
358 2108 523 2148 confestim
542 2119 561 2138 a
576 2110 709 2146 proelio.
735 2126 777 2129 ——
794 2119 891 2147 prac-

215 2155 292 2195 mia,
324 2153 470 2184 daruach
504 2153 626 2184 kijnnte
650 2163 723 2183 man
763 2163 891 2184 erwar-

215 2203 281 2238 ten,
307 2198 381 2230 dass
408 2197 522 2229 Lamia
547 2197 693 2238 sogleich
731 2209 795 2229 von
829 2199 888 2230 den

215 2243 356 2275 Ramern
392 2243 555 2275 bestiirmt
605 2244 736 2275 werden
787 2244 889 2283 solle,

216 2289 316 2321 allein
344 2289 448 2321 dieses
474 2288 595 2329 erfolgt
619 2293 688 2320 erst
719 2290 772 2325 37,
799 2292 837 2329 43
863 2300 888 2320 c.

216 2336 271 2375 29,
298 2337 316 2368 5
343 2335 450 2366 haben
474 2334 525 2366 (116
554 2334 691 2365 Aetoler
719 2334 770 2366 (116
794 2333 891 2365 stadt

217 2381 311 2420 noch,
337 2380 404 2421 vgl.
432 2381 485 2420 39,
508 2381 561 2419 28,
588 2381 616 2412 3.
642 2397 685 2401 ——
710 2391 779 2411 cum.
805 2381 889 2420 Aet„⁴

217 2425 295 2457 weil
330 2425 444 2457 Lamia
477 2425 549 2457 eine
591 2425 752 2456 {itolische
791 2424 890 2456 stadt

215 2470 270 2510 ist,
311 2471 439 2502 scheint
478 2470 660 2502 Antiochus
700 2470 789 2501 nicht
835 2480 888 2501 er-

216 2517 331 2547 w‘ahnt
359 2527 397 2547 zu
420 2517 564 2556 werden,
592 2516 658 2557 vgl.
688 2517 740 2553 37,
769 2517 821 2556 58,
851 2517 888 2554 83

216 2561 267 2593 die
294 2561 354 2593 ΜΖ.
381 2561 434 2593 Hs.
463 2563 521 2593 hat
545 2573 641 2603 qnam
660 2563 797 2601 Aetolos,
818 2572 888 2593 was

958 1425 1094 1467 Madvig
1118 1424 1172 1457 fiir
1196 1426 1320 1457 uniicht
1353 1425 1436 1456 halt.
1484 1425 1544 1457 Die
1567 1424 1634 1456 Er-

958 1471 1128 1512 bitterung
1158 1470 1306 1513 Philipps
1341 1471 1421 1502 iiber
1455 1471 1512 1501 das
1545 1470 1635 1502 Ver-

959 1516 1075 1549 fahren
1100 1517 1156 1548 des
1182 1516 1318 1548 Consuls
1355 1516 1439 1547 wird
1472 1520 1541 1547 erst
1577 1517 1632 1556 39,

960 1564 1022 1602 233
1059 1563 1102 1595 28
1135 1562 1294 1593 erwiihnt.
1319 1579 1364 1583 —
1389 1564 1461 1602 ipsi,
1496 1561 1539 1592 im
1565 1559 1634 1593 Ge—

959 1612 1115 1649 gensatze
1141 1618 1181 1638 zu
1198 1618 1293 1647 prop.
1318 1609 1423 1645 urbis,
1457 1617 1482 1638 S.
1517 1608 1548 1646 6,
1578 1607 1634 1647 30,

960 1655 990 1687 9.
1017 1671 1060 1675 -
1092 1664 1132 1684 ne
1153 1670 1195 1674 —
1232 1655 1372 1694 effuqer„
1405 1651 1577 1683 eutkamen
1601 1663 1640 1683 u„

960 1699 1159 1730 verhiiteten
1203 1708 1258 1740 so,
1299 1698 1372 1728 dass
1416 1696 1525 1738 nicht,
1568 1695 1635 1728 fast

960 1744 1069 1785 gleich
1093 1750 1251 1783 caverunt,
1276 1754 1326 1782 ne,
1347 1741 1423 1774 Tac.
1449 1742 1485 1774 H.
1513 1746 1543 1782 3,
1573 1743 1634 1776 39:

954 1801 1075 1829 parum
1103 1792 1266 1830 effuqerat,
1293 1800 1331 1820 ne
1350 1791 1466 1830 dz'ynus
1491 1790 1634 1820 credere-

960 1842 1032 1875 tur,
1077 1834 1292 1866 verschieden
1328 1834 1401 1865 sind
1436 1832 1487 1864 die
1523 1832 1632 1873 F‘alle,

960 1891 1012 1911 wo
1039 1892 1078 1912 ne
1103 1879 1336 1922 epexegetisch
1367 1878 1548 1919 gebraucht
1576 1878 1632 1919 ist,

962 1937 988 1958 s.
1012 1928 1066 1966 21,
1096 1927 1151 1965 63,
1179 1927 1218 1967 83
1244 1924 1309 1956 Cic.
1332 1923 1387 1955 Or.
1421 1926 1448 1964 1,
1474 1926 1528 1963 48,
1548 1925 1632 1957 207:

960 1974 1046 2013 quod
1073 1973 1210 2012 efflcqm·e
1239 1973 1330 2009 soleo,
1365 1981 1404 2002 ne
1439 1971 1499 2001 tibi
1532 1981 1633 2002 sucee-

960 2020 1042 2057 dam,
1062 2019 1096 2049 id
1111 2021 1193 2056 ete.;
1220 2016 1338 2048 eberiso
1355 2019 1464 2054 vitare,
1484 2013 1549 2046 Cic.
1577 2013 1632 2046 Or.

960 2065 992 2103 2,
1022 2064 1076 2104 59,
1101 2064 1184 2101 2393
1213 2062 1255 2093 ad
1279 2061 1352 2093 Her.
1378 2062 1409 2101 2,
1439 2062 1490 2100 14,
1517 2061 1570 2092 21.

1007 2127 1183 2167 26-30.
1209 2128 1446 2169 Vcrhandlung
1469 2127 1551 2159 iiber
1578 2127 1632 2159 die

959 2174 1213 2215 Unterwerfung
1237 2175 1294 2206 der
1318 2174 1465 2206 Aetoler.
1514 2172 1639 2215 Polyb.

960 2224 1013 2262 20,
1041 2223 1172 2261 9—113
1198 2219 1285 2252 Plut.
1310 2219 1375 2251 Tit.
1404 2222 1454 2252 15.

1009 2291 1106 2323 1—4.
1130 2291 1303 2329 Hypatam,
1337 2298 1362 2318 c.
1391 2289 1443 2327 14,
1472 2288 1530 2326 153
1559 2285 1636 2317 eine

959 2334 1277 2366 ausserordentliche
1306 2331 1568 2372 Versammhng,
1604 2341 1630 2362 s.

960 2382 1012 2419 33,
1040 2381 1070 2420 3,
1100 2382 1128 2412 7.
1157 2397 1193 2402 —-
1222 2385 1332 2417 coacto,
1360 2377 1426 2418 vgl.
1454 2378 1484 2417 3,
1521 2378 1574 2416 39,
1609 2378 1630 2409 6

956 2437 987 2458 ιι.
1013 2436 1041 2457 a.
1068 2443 1112 2447 —
1138 2427 1219 2457 imer
1242 2435 1284 2465 q.,
1313 2424 1343 2463 6,
1372 2424 1427 2463 20,
1454 2424 1484 2462 8,
1513 2422 1579 2463 vgl.
1603 2431 1629 2452 c.

960 2472 1012 2511 38,
1043 2473 1073 2504 4.
1098 2488 1143 2493 —
1168 2473 1258 2509 idem,
1285 2471 1345 2510 qui
1366 2475 1403 2509 et,
1439 2467 1505 2499 Cic.
1537 2467 1637 2499 Fam..

962 2518 1011 2549 13.
1041 2517 1093 2553 23,
1120 2517 1158 2557 23
1184 2526 1223 2546 zu
1249 2514 1283 2545 L.
1311 2516 1340 2553 7,
1373 2516 1402 2554 5,
1430 2516 1467 2553 93
1497 2515 1547 2553 10,
1574 2513 1628 2553 23,

957 2564 995 2599 93
1022 2563 1074 2601 37,
1102 2563 1154 2601 56,
1184 2563 1213 2594 7.
1241 2577 1282 2582 —
1305 2566 1405 2600 antea,
1433 2560 1485 2599 35,
1513 2559 1565 2591 32.
1585 2575 1631 2580 —
