1715 2723
55 144 84 163 a.
105 135 155 163 Ch.
176 136 234 162 190.

492 135 617 168 LIBER
637 135 815 170 XXXVII.
843 135 934 168 CAP.
963 137 990 169 1.
1015 137 1046 169 2.

1397 136 1477 178 161

58 241 214 292 plorum
235 239 444 278 memoriae
463 239 539 278 iam
561 240 730 278 exoletae
750 239 864 278 relata
888 239 1150 289 expectatione
1172 239 1390 278 certaminis
1410 252 1474 278 se-

58 302 191 335 natum
220 296 421 343 erexisset,
446 295 488 334 P.
520 296 646 346 Scipio
669 296 874 334 Africanus
900 295 1014 342 dixit,
1051 296 1083 334 si
1106 296 1148 334 L.
1171 296 1343 346 Scipioni
1366 297 1475 335 fratri

55 365 128 392 suo
169 353 409 402 provinciam
438 352 635 391 Graeciam
666 352 947 398 decrevissent,
986 364 1027 390 se
1057 352 1095 391 ei
1117 352 1283 403 legatum
1313 353 1473 391 iturum.

56 409 151 447 haec
170 420 246 447 vox
269 421 409 460 magno
439 409 607 447 adsensu
627 408 754 446 audita
774 408 929 446 sustulit
949 414 1166 446 certamen:
1189 409 1355 460 experiri
1373 409 1470 448 libe-
1495 423 1534 455 10

54 465 130 512 bat,
162 472 295 504 utrum
325 466 412 516 plus
442 465 522 515 regi
551 464 740 502 Antiocho
772 464 813 502 in
836 463 1049 502 Hannibale
1072 464 1171 503 victo
1193 478 1241 503 an
1262 465 1303 503 in
1325 466 1471 504 victore

53 522 237 560 Africano
269 521 420 560 consuli
447 519 745 571 legionibusque
764 520 951 559 Romanis
981 520 1110 558 auxilii
1132 523 1252 569 foret3
1284 533 1327 559 ac
1347 534 1471 573 prope

55 590 193 617 omnes
216 578 386 628 Scipioni
408 577 616 623 Graeciam,
636 576 764 615 Laelio
788 576 932 614 Italiam
958 576 1225 616 decreverunt.
1267 577 1470 617 Praetores
1493 587 1520 627 2

52 634 145 673 inde
175 634 393 685 provincias
415 633 537 672 sortiti
559 638 661 679 sunt,
682 634 724 671 L.
748 632 1037 671 Aurunculeius
1060 633 1262 680 urbanam,
1286 633 1353 672 Cn.
1375 635 1470 673 Ful-

54 691 140 729 vius
161 690 415 741 peregrinam,
443 689 485 728 L.
505 689 689 728 Aemilius
719 689 890 740 Regillus
910 689 1083 735 classem,
1104 689 1146 727 P.
1169 690 1305 728 Iunius
1325 690 1470 729 Brutus

55 747 225 793 Tuscos,
264 747 313 784 M.
347 746 511 784 Tuccius
540 746 720 796 Apuliam
748 751 784 784 et
807 746 998 791 Bruttios,
1041 746 1078 784 C.
1110 746 1261 785 Atinius
1294 746 1471 785 Siciliam.

57 803 207 841 consuli
234 802 385 849 deinde,
407 802 468 841 cui
490 802 645 841 Graecia
669 802 867 853 provincia
889 802 1040 840 decreta
1064 808 1154 849 erat,
1176 803 1221 841 ad
1245 815 1336 841 eum
1358 815 1470 841 exer-
1490 808 1510 839 2

53 859 184 906 citum,
205 870 323 909 quem
345 872 365 897 a
385 859 446 897 Μ’.
466 858 586 897 Acilio
603 882 657 886 ——
674 860 772 898 duae
795 864 922 897 autem
944 859 1116 909 legiones
1138 865 1248 898 erant
1263 882 1317 886 ——
1332 871 1470 910 accep-

53 921 165 954 turus
196 921 315 962 esset,
345 916 385 953 in
415 916 731 966 supplementum
761 915 887 954 addita
912 915 1085 966 peditum
1106 915 1249 954 civium
1268 916 1470 955 Romano-

52 984 142 1010 rum
162 972 231 1010 tria
253 972 366 1018 milia,
389 973 537 1022 equites
558 978 726 1019 centum,
752 978 788 1011 et
807 972 957 1010 socium
972 972 1095 1010 Latini
1115 972 1284 1011 nominis
1297 973 1471 1024 quinque

53 1028 167 1075 milia,
198 1028 344 1078 equites
374 1028 550 1075 (lucenti;
583 1035 619 1067 et
648 1029 850 1075 adiectum,
882 1034 935 1075 ut,
967 1029 1116 1067 cumin
1138 1029 1379 1079 provinciam
1401 1042 1469 1068 ve-
1490 1039 1509 1071 3

51 1084 182 1130 nisset,
210 1085 241 1122 si
268 1097 288 1123 e
310 1097 352 1123 re
372 1085 522 1135 publica
546 1085 741 1124 videretur
764 1097 859 1131 esse,
883 1085 1094 1123 exercitum
1116 1085 1155 1123 in
1178 1086 1308 1124 Asiam
1330 1086 1469 1124 traice-

50 1146 119 1178 ret.
170 1140 277 1179 alteri
301 1142 451 1179 consuli
475 1147 575 1180 totus
596 1154 721 1180 novus
742 1141 931 1180 exercitus
956 1142 1155 1188 decretus,
1185 1142 1282 1180 duae
1298 1142 1469 1193 legiones
1489 1154 1511 1185 4

50 1197 249 1235 Romanae
287 1203 323 1235 et
366 1198 514 1236 socium
544 1198 667 1236 Latini
698 1198 867 1236 nominis
899 1198 1121 1248 quindecim
1153 1198 1253 1236 milia
1283 1199 1468 1249 peditum,

49 1253 198 1303 equites
226 1254 406 1292 sexcenti.

51 1385 123 1407 neu.
154 1393 199 1398 —
226 1382 335 1408 νείκεε.
375 1379 514 1417 exempl„
551 1375 724 1419 Beispiele,

50 1421 103 1453 die
112 1431 228 1462 wegen
237 1422 294 1453 der
303 1421 501 1462 langenZeit
512 1419 578 1453 fast
588 1432 725 1463 verges-

49 1477 105 1498 sen
129 1466 213 1507 sind,
249 1478 274 1499 s,
303 1468 357 1506 27,
394 1471 423 1507 8,
457 1468 494 1500 9;
529 1470 654 1500 exoletis
675 1479 724 1500 ve-

48 1519 164 1545 tustate
198 1530 241 1535 ——-
280 1515 446 1553 exe-mplz's;
489 1513 546 1544 der
589 1512 725 1545 Genitiv

52 1557 234 1599 entspricht
264 1569 355 1589 nova.
387 1576 430 1580 —
455 1561 566 1600 relata,
600 1559 726 1590 wieder

51 1603 286 1644 voi-gebracht,
318 1613 345 1636 0.
380 1605 411 1643 6,
446 1605 484 1643 7,
524 1605 577 1643 26,
607 1605 658 1643 19,
687 1607 725 1645 73

48 1649 105 1689 38,
121 1650 175 1690 51,
193 1648 373 1687 13Audere
384 1649 519 1680 nehmen
533 1659 566 1680 es
580 1659 644 1679 von
655 1650 726 1681 dem

54 1694 97 1724 im
130 1692 250 1725 Senate
279 1694 453 1734 gestellten
480 1693 637 1734 Antrage.
663 1694 725 1725 Ein

52 1738 224 1770 iihnlicher
257 1737 332 1770 Fall
371 1739 415 1770 ist
449 1739 514 1770 seit
548 1740 578 1778 8,
616 1741 666 1780 16,
694 1743 724 1779 5,

51 1784 118 1825 vgl.
148 1786 198 1824 10,
225 1786 286 1824 243
313 1786 343 1825 3,
371 1786 401 1825 2,
428 1795 489 1816 nur
502 1784 651 1817 Perioch.
676 1784 727 1816 XI

51 1830 215 1861 erwiihnt.
240 1848 284 1852 ——
301 1837 413 1869 expect.
440 1848 481 1852 ⁷—
506 1841 563 1867 (ἢκ,
589 1832 643 1870 36,
672 1832 725 1870 34,

52 1876 82 1908 8.
113 1893 157 1897 -
185 1877 215 1907 ei
240 1875 285 1907 ist
301 1875 580 1907 wahrscheinlich
606 1886 725 1916 ausge-

51 1919 163 1961 fallen‚
190 1931 214 1952 s.
241 1922 295 1962 38,
320 1922 372 1962 58,
400 1923 437 1954 8;
463 1923 518 1953 cui
540 1939 585 1945 —-
609 1924 726 1975 ἶε9αια3

50 1968 86 1998 in
108 1968 223 1998 Asiam
247 1969 327 2006 z'ret,·
354 1966 430 2000 tal.
455 1966 544 1998 Max.
570 1970 599 2007 5,
629 1970 658 2005 5,
690 1969 725 2007 13

50 2011 82 2042 in
127 2011 185 2042 der
229 2011 378 2044 Perioch.
423 2015 570 2088 ῑεῆαειιηι
584 2015 725 2065 fr'atrzs,

51 2056 120 2097 xgl.
146 2056 189 2087 ih.
207 2056 274 2097 XI,
298 2057 473 2107 Appiam]
477 2057 530 2089 l.
550 2055 589 2095 ὃς
606 2054 726 2113 (Ἀξεί-

50 2113 128 2139 κιος
153 2103 330 2143 Σκιπίων)
363 2114 443 2136 τοτε
481 2101 604 2156 ξιύτοῖς
628 2115 725 2136 υπα-

51 2158 112 2184 τος
136 2150 190 2188 ἠν,
218 2145 391 2194 ἀπράκτῳ
416 2146 448 2181 δ’
481 2145 562 2182 ὄντι
596 2150 655 2182 καὶ
682 2147 726 2182 ἇ-

49 2180 312 2244 πειροπολέμῳ
338 2191 552 2238 σύμβουὶον
577 2195 726 2239 αἷροῦτ-

51 2251 111 2270 ται
151 2235 322 2272 Πόπλιοι
362 2242 527 2273 Σκιπιωι
530 2249 571 2281 τις
607 2241 725 2272 andeis

0 2291 1 2296 ¹
50 2284 181 2315 erzahlt
210 2285 269 2316 den
289 2284 442 2325 Helgang
467 2284 533 2316 Cic.
561 2284 646 2319 Phil.
674 2288 725 2326 11,

0 2361 2 2370 ,
51 2331 84 2369 7,
116 2331 173 2362 17:
198 2342 272 2362 nam
304 2333 597 2363 extraordinarium
632 2343 725 2371 tmpe-

51 2377 136 2406 rium
152 2378 309 2415 populare
332 2388 367 2407 ac
390 2383 550 2408 ventosum
583 2384 636 2417 est,
667 2380 725 2409 mi-

48 2423 134 2452 nime
180 2427 305 2454 nostrae
349 2425 526 2463 qravz‘tatz‘s.
572 2440 609 2445 -—
651 2425 726 2455 bello

52 2467 246 2498 Antiochino
271 2485 314 2489 —
337 2479 405 2499 cum
430 2469 468 2499 L.
488 2469 632 2507 Scipt'om'
650 2479 726 2507 pro-

51 2513 156 2543 vincia
175 2511 261 2545 Asia
286 2514 463 2554 obvenisset,
484 2525 665 2555 parumque
691 2517 725 2546 in

48 2567 84 2588 eo
120 2563 292 2597 putaretur
337 2570 400 2592 esse
440 2562 558 2599 animi,
605 2571 726 2600 parum

121 2617 167 2643 Tit
194 2619 255 2645 Liv.
277 2619 355 2648 Vm.

460 1254 672 1293 exercitum
703 1267 750 1292 ex
777 1254 985 1305 Liguribus
1016 1255 1060 1301 Q.
1091 1254 1283 1293 Minucius
1314 1277 1368 1282 —
1393 1255 1471 1294 iam
1491 1263 1510 1294 5

794 1379 928 1418 roboris,
953 1383 1143 1418 senatusque
1166 1379 1210 1408 ad
1225 1379 1370 1419 colleyam
1391 1380 1470 1419 eius,

796 1425 827 1455 C.
865 1425 1012 1455 Laelium
1044 1440 1105 1449 —.
1126 1425 1284 1464 neqotz'um
1321 1424 1469 1463 deferret,

793 1471 933 1500 surrexit
964 1470 1001 1501 P.
1034 1468 1217 1509 Africanus
1247 1486 1287 1490 —-
1324 1475 1351 1500 et
1384 1471 1472 1501 illam

793 1516 999 1555 iqnomz'nz’am
1026 1526 1044 1545 α
1067 1515 1195 1553 familia
1226 1516 1407 1553 deprecatus
1430 1521 1473 1546 est

794 1562 943 1600 dz'xttque,
977 1566 1005 1591 et
1029 1577 1072 1581 —
1105 1570 1202 1600 neque
1233 1571 1264 1591 se
1286 1563 1317 1591 εἰ
1337 1563 1471 1601 teqatum

794 1606 990 1644 defuturum.
1009 1607 1096 1646 qnod
1103 1616 1171 1636 eum
1181 1607 1303 1637 essetab
1313 1617 1345 1637 eo
1355 1607 1473 1637 dictum

793 1653 877 1682 m'lzt't
899 1657 942 1682 est
966 1652 1003 1682 de
1026 1652 1183 1689 Scipionis
1201 1653 1373 1690 provincia
1400 1662 1472 1682 mu-

794 1702 916 1735 tatum;
944 1695 1069 1727 wieder
1093 1696 1210 1727 andex-s
1229 1706 1287 1738 pro
1305 1695 1389 1728 Mur.
1418 1698 1471 1736 14,

796 1742 855 1781 323
880 1740 992 1781 Lange
1020 1743 1050 1782 2,
1085 1742 1162 1774 211.
1188 1759 1231 1763 —
1257 1753 1370 1781 eoeper„
1404 1742 1471 1783 vgl.

794 1785 872 1818 Iust.
897 1787 917 1818 l.
950 1786 970 1817 l.

842 1874 882 1913 2.
913 1878 1009 1910 1—4.
1041 1879 1131 1908 Taso.
1162 1878 1227 1917 Ap.
1260 1879 1380 1917 Brutt„
1416 1879 1470 1915 35,

795 1924 849 1962 20,
878 1924 928 1956 10.
954 1940 997 1944 -
1023 1924 1146 1964 Graec,
1175 1933 1202 1955 0.
1232 1924 1259 1965 1,
1287 1925 1324 1963 73
1354 1925 1407 1962 36,
1441 1925 1468 1961 1,

795 1970 825 2001 6.
853 1986 895 1990 —
919 1970 999 1999 duae
1023 1985 1066 1990 —
1085 1975 1187 2009 erant,
1213 1968 1264 1999 die
1281 1967 1471 2010 Erkliirung

794 2013 839 2045 ist
867 2013 1097 2054 nachtriiglich
1120 2014 1153 2045 in
1183 2014 1243 2045 den
1261 2013 1470 2045 Relativsatz

794 2059 1044 2099 eingeschoheu,
1079 2059 1143 2090 wie
1183 2059 1218 2090 L.
1254 2060 1337 2090 auch
1378 2064 1471 2091 sonst

794 2104 1021 2136 Parenthesen
1056 2105 1148 2136 nicht
1180 2104 1295 2136 immer
1325 2116 1365 2137 zu
1399 2106 1470 2136 dem

794 2150 915 2182 VVorte
940 2154 1037 2189 setzt,
1064 2161 1104 2181 zu
1129 2150 1201 2182 dem
1233 2150 1280 2182 sic
1314 2151 1469 2191 geh'ciren,

792 2206 817 2227 s.
844 2197 896 2234 36,
925 2198 978 2235 30,
1015 2198 1045 2236 4,
1080 2206 1130 2228 zu.
1166 2197 1218 2235 33,
1256 2197 1307 2232 18,
1343 2198 1383 2237 9;
1416 2198 1470 2236 25,

798 2242 849 2281 16,
878 2244 907 2274 5.
936 2260 979 2263 —
1004 2243 1075 2273 Lat.
1094 2253 1175 2273 mim.
1202 2241 1265 2272 wie
1291 2240 1312 2282 ξ
1340 2243 1379 2281 4;
1410 2252 1471 2273 au-

795 2287 869 2318 ders
897 2285 917 2328 ξ
947 2289 985 2327 63
1011 2289 1051 2327 93
1079 2287 1160 2319 iiber
1185 2287 1242 2318 (las
1260 2286 1345 2318 Heer
1369 2297 1395 2318 s.
1415 2288 1469 2327 36,

798 2334 849 2372 14,
885 2334 911 2366 1.
947 2350 991 2355 ——
1026 2335 1056 2364 si
1087 2344 1102 2364 e
1136 2344 1162 2364 r.
1198 2334 1279 2371 vid„
1318 2332 1472 2373 obgleich

794 2379 879 2409 nach
912 2389 937 2409 0.
978 2380 1004 2419 1,
1044 2380 1083 2411 10
1118 2378 1176 2409 der
1208 2376 1310 2418 Rrieg
1346 2378 1470 2409 bereits

793 2423 843 2455 als
869 2423 1078 2455 beschlossen
1100 2424 1290 2455 botrachtet
1319 2423 1411 2454 wird.

841 2471 939 2502 5—6.
963 2481 1060 2501 emero.
1079 2487 1121 2491 —
1139 2471 1273 2510 Mimo„
1298 2480 1324 2502 S.
1350 2480 1390 2500 zu
1417 2470 1470 2508 36,

798 2516 825 2553 1,
852 2518 889 2555 9;
916 2515 959 2548 ib.
975 2516 1028 2555 37,
1045 2517 1084 2555 63
1114 2516 1166 2553 38,
1186 2517 1220 2553 1;
1240 2514 1274 2545 L.
1291 2513 1375 2556 folgt
1388 2514 1471 2555 hier,

793 2559 814 2601 ξ
839 2562 856 2593 5
873 2572 903 2592 u.
924 2563 942 2594 6
955 2572 961 2591 :
974 2563 1088 2600 priore
1102 2572 1196 2601 amm,
1220 2559 1312 2592 einer
1329 2561 1472 2593 anderen

1210 2618 1248 2650 11
