1715 2723
104 133 132 151 2.
151 124 201 151 ch.
222 124 280 150 187.
521 125 645 157 LIBER
657 124 850 158 xxxviu.
872 125 964 157 CAP.
984 127 1034 160 58.
1055 127 1105 158 59.
1439 123 1522 166 385

106 233 251 267 sortem
265 227 354 266 Asia
374 228 572 278 provincia
593 234 629 267 et
648 228 791 267 bellum
814 240 904 268 cum
923 228 1111 267 Antiocho
1134 240 1222 278 rege
1237 227 1521 273 decerneretur,

106 290 143 323 et
162 297 183 323 a
205 286 333 331 fratre,
358 284 418 322 cui
436 289 524 334 post
545 285 643 323 duos
665 285 886 324 consulatus
908 296 1190 334 censuramque
1220 289 1257 322 et
1277 283 1520 333 triumphum

105 341 249 391 legatus
269 340 309 378 in
332 340 461 379 Asiam
484 341 565 379 iret.
605 341 657 378 ibi
689 353 736 379 ne
756 340 978 392 magnitudo
1000 347 1037 379 et
1058 340 1242 391 splendor
1264 339 1374 390 legati
1393 338 1518 378 laudi-
1539 346 1559 379 9

104 396 179 435 bus
196 397 365 435 consulis
380 397 563 443 officeret,
585 398 683 434 forte
703 398 751 435 ita
767 397 957 443 incidisse,
977 402 1028 443 ut,
1051 408 1128 446 quo
1144 396 1204 434 die
1224 396 1271 434 ad
1285 395 1519 446 Magnesiam

103 453 223 503 signis
255 453 399 491 collatis
428 453 470 490 L.
494 453 619 503 Scipio
651 453 886 492 Antiochum
921 453 1132 497 devicisset,
1168 465 1280 503 aeger
1318 452 1360 490 P.
1389 451 1518 502 Scipio

104 509 237 548 Elaeae
260 509 411 548 dierum
425 509 569 558 aliquot
584 510 642 547 via
656 509 815 548 abesset.
845 521 926 547 non
941 509 1060 548 fuisse
1083 509 1275 547 minorem
1292 521 1381 547 eum
1405 521 1518 546 exer-
1541 515 1581 548 10

104 565 225 603 citum
247 577 361 615 quam
377 565 609 612 Hannibalis,
632 578 721 604 cum
743 578 819 616 quo
841 566 880 603 in
897 566 1024 603 Africa
1044 571 1143 603 esset
1156 570 1390 615 pugnatum;
1409 565 1517 602 Han-

103 621 269 660 nibalem
292 621 457 660 eundem
479 622 597 659 fuisse
615 622 714 659 inter
735 622 876 659 multos
899 622 992 660 alios
1014 621 1139 671 regios
1155 621 1283 667 duces,
1307 621 1372 670 qui
1392 621 1518 671 impe-

103 682 209 715 rator
228 677 364 716 Punici
384 678 471 716 belli
492 678 618 715 suerit.
646 683 682 715 et
700 677 843 716 bellum
866 677 1020 727 quidem
1045 678 1094 715 ita
1115 683 1264 727 gestum
1287 689 1382 723 esse,
1406 684 1446 715 ut
1468 688 1518 715 ne

102 734 301 772 fortunam
328 733 484 784 quidem
515 734 719 783 quisquam
748 734 941 772 criminari
980 734 1119 784 possit:
1158 734 1198 771 in
1238 745 1330 782 pace
1371 733 1517 771 crimen
1537 741 1576 776 11

104 789 257 839 quaeri;
279 801 362 827 eam
384 790 457 827 dici
479 790 640 828 venisse.
672 790 731 828 hir
753 790 884 828 decem
904 791 1045 840 legatos
1067 789 1182 827 simul
1202 789 1320 839 argui,
1345 800 1517 839 quorum

104 857 149 883 ex
171 846 329 884 consilio
353 846 437 884 data
459 858 532 896 pax
552 853 669 884 esset:
694 859 927 897 quamquam
944 845 1131 884 exstitisse
1153 857 1198 883 ex
1221 845 1354 883 decem
1373 845 1514 895 legatis,
1538 855 1578 887 12

103 902 171 952 qui
194 902 260 940 Cn.
276 902 460 941 Manlium
479 908 719 949 accusarent,
740 908 867 941 tamen
890 915 969 940 non
993 902 1108 940 modo
1129 901 1173 939 ad
1196 901 1366 939 criminis
1389 901 1515 947 fidem,

103 958 171 996 sed
199 970 248 996 ne
278 958 324 996 ad
344 971 493 997 moram
516 959 671 1009 quidem
700 959 886 1010 triumphi
910 971 993 997 eam
1023 958 1307 997 accusationem
1338 958 1515 996 valuisse,

102 1013 152 1051 At
170 1014 325 1053 hercule
343 1015 383 1053 in
403 1015 582 1066 Scipione
601 1016 702 1065 leges
722 1016 825 1066 ipsas
846 1016 962 1066 pacis,
983 1020 1025 1054 ut
1054 1015 1219 1052 nimium
1241 1014 1514 1052 accommoda-
1534 1015 1593 1056 59

100 1075 157 1107 tas
172 1071 374 1117 Antiocho,
396 1077 592 1121 suspectas
615 1084 717 1110 esse:
740 1073 932 1123 integrum
956 1071 1057 1110 enim
1078 1071 1111 1109 ei
1134 1083 1296 1121 regnum
1317 1071 1516 1115 relictum3

103 1126 231 1164 omnia
247 1127 446 1176 possidere
467 1140 556 1166 eum
579 1128 733 1175 victum,
758 1141 854 1179 quae
875 1134 960 1167 ante
981 1128 1123 1166 bellum
1147 1127 1227 1165 eius
1248 1127 1412 1171 fuerint;
1433 1126 1516 1165 auri
1534 1133 1554 1165 2

101 1187 139 1221 et
160 1183 306 1234 argenti
327 1196 416 1222 cum
439 1184 516 1222 vim
541 1196 717 1235 magnam
739 1184 946 1231 habuisset,
962 1184 1055 1222 nihil
1068 1184 1109 1222 in
1124 1183 1320 1234 publicum
1341 1183 1516 1228 relatum,

102 1324 232 1350 meretur
251 1317 390 1348 sondern
416 1327 475 1348 nur
492 1317 550 1348 mit
573 1320 673 1349 visum
695 1327 772 1349 ver-

100 1363 228 1394 bunden
255 1362 405 1401 werden;
431 1362 513 1393 doch
538 1362 583 1393 ist
609 1363 667 1393 der
686 1363 772 1394 Aus-

101 1408 205 1440 druck
229 1407 491 1448 ungewb'hnlich,
517 1418 590 1438 man
613 1411 773 1439 erwartet

100 1455 223 1486 senatui
260 1471 304 1475 —
334 1454 460 1493 fratri,
501 1453 579 1484 oder
621 1455 770 1493 habitum,

102 1501 273 1531 iudicatum
293 1498 371 1529 oder
399 1497 451 1529 ein
469 1497 638 1529 iihnliehes
660 1498 770 1530 wort.

101 1563 145 1566 —
169 1550 256 1575 extra
283 1550 368 1581 sort„
397 1554 421 1574 s.
449 1554 488 1574 zu
516 1544 569 1581 37,
601 1545 628 1583 1,
656 1545 686 1583 7,
713 1544 771 1575 der

101 1589 231 1621 Redner
249 1588 378 1620 wendet
401 1588 452 1619 die
471 1588 575 1620 Sarhe
592 1599 663 1620 zum
683 1589 771 1620 Vor-

100 1634 183 1666 theil
223 1633 360 1675 Scipios.
404 1651 447 1654 —
487 1637 538 1665 cui
575 1634 664 1665 steht
706 1635 771 1665 wol

101 1680 191 1711 nicht
216 1681 299 1711 ohne
336 1678 520 1719 Beziehung
546 1678 604 1710 auf
641 1682 769 1721 leqatus,

100 1737 126 1757 3.
156 1727 208 1764 37,
241 1727 268 1765 1,
295 1726 333 1764 9,
359 1725 480 1756 vorher
499 1724 632 1764 fratris,
661 1735 686 1756 s.
716 1727 770 1759 41.

105 1773 155 1811 10,
193 1772 223 1804 8.
264 1789 306 1792 -
347 1772 513 1806 devicisset,
546 1780 617 1800 man
656 1771 770 1802 wiirde

100 1818 271 1848 devinceret
311 1816 360 1847 od.
397 1815 440 1846 im
474 1814 673 1857 Hauptsatze
706 1823 771 1848 tum

101 1865 224 1895 demum
258 1880 300 1883 —
332 1863 460 1902 reniret,
502 1864 587 1901 quod
619 1863 771 1903 abfuisset

101 1911 279 1947 erwarteu,
317 1906 383 1947 vgl.
418 1908 471 1946 32,
504 1908 558 1944 26,
593 1908 629 1938 2:
667 1909 769 1938 habu-

101 1955 194 1992 isset,-
218 1952 284 1984 Cic.
310 1951 382 1983 Fin.
418 1953 449 1992 2,
490 1953 539 1992 16,
573 1953 625 1984 54.
652 1970 694 1974 —
719 1956 771 1984 via

100 1997 164 2030 wie
196 2000 307 2040 spatio,
339 1999 515 2031 intervallo,
551 1998 603 2031 30,
638 1998 691 2037 30,
735 2000 769 2037 13

100 2054 160 2075 zur
190 2042 296 2075 Sache
325 2044 377 2082 37,
412 2043 453 2075 37
466 2041 486 2073 f.
510 2060 553 2064 ——
584 2054 647 2084 rey.
679 2045 770 2075 duces

99 2090 190 2121 steht
223 2091 441 2129 imperatorem
479 2088 680 2128 gegeniiber:
720 2090 769 2120 als

101 2134 204 2166 Hann.
237 2145 300 2165 von
334 2133 442 2165 vielen
475 2144 535 2164 nur
566 2133 656 2164 einer
688 2144 768 2171 war,

101 2179 192 2211 nicht
225 2179 289 2212 wie
319 2178 432 2210 friiher
472 2178 523 2210 die
557 2177 772 2221 Oberleitung

100 2225 214 2264 hatte‚·
238 2224 371 2265 Madvig
396 2234 496 2255 verm.
514 2227 650 2265 eqreyios
671 2227 770 2257 duces.

101 2269 184 2301 Dass
223 2270 359 2301 Hannib.
403 2271 456 2309 37,
501 2269 586 2302 41ff.
634 2269 666 2300 in
714 2271 772 2302 der

100 2314 257 2346 Schlacht
289 2315 380 2346 nicht
414 2314 566 2346 erwiihnt
600 2315 697 2357 wird,
730 2327 769 2347 an

101 2361 273 2392 derselben
286 2359 559 2392 wahrscheinlich
572 2359 689 2392 keinen
700 2361 770 2393 An-

101 2405 195 2445 theil,
221 2406 419 2447 wenigstens
455 2404 513 2436 auf
543 2405 594 2436 die
632 2405 771 2448 Leitung

102 2451 217 2483 keinen
241 2450 380 2483 Einssuss
405 2452 511 2484 hatte.
539 2450 622 2481 wird
656 2451 688 2483 10
714 2453 771 2485 der

101 2496 190 2529 Rede
208 2497 299 2528 nicht
310 2497 474 2536 heachtet,
493 2506 520 2530 s.
536 2497 590 2537 37,
611 2498 662 2537 59,
676 2499 708 2532 2.
728 2516 770 2521 —-

101 2543 235 2582 neforc.
256 2554 296 2584 q.,
323 2543 379 2574 das
409 2542 489 2573 110011
518 2552 553 2573 30
578 2544 771 2575 wandelbar

169 2602 224 2629 Tit.
246 2603 309 2629 Liv.
328 2603 402 2630 vm.

842 1318 900 1355 sei,
935 1329 961 1350 0.
996 1320 1050 1359 48,
1088 1321 1137 1351 15.
1164 1335 1205 1339 -
1234 1319 1294 1358 hie,
1328 1317 1359 1347 iu
1394 1316 1513 1348 diesem

842 1362 979 1403 Punkte,
997 1364 1036 1394 da
1064 1363 1187 1402 keiner,
1213 1362 1276 1393 wie
1303 1361 1356 1393 bei
1373 1361 1515 1393 Manlius

842 1418 868 1439 0.
895 1407 980 1446 4511,
1009 1407 1114 1448 Hlage
1149 1407 1291 1439 erhobeu
1319 1407 1423 1448 hatte,
1449 1406 1515 1438 alle

841 1453 911 1485 also
932 1464 972 1484 an
993 1454 1050 1485 der
1063 1452 1184 1484 Schuld
1196 1451 1375 1492 betheiligt
1389 1452 1513 1483 wiiren.

842 1514 882 1519 -
907 1510 1031 1540 quamq.
1056 1501 1218 1538 exstitisse,
1250 1497 1316 1537 vgl.
1342 1500 1375 1538 4,
1403 1499 1452 1532 15,
1475 1499 1514 1531 5:

840 1555 1030 1585 quamquam
1063 1546 1183 1576 nullam
1215 1545 1407 1575 nobilitatem
1428 1554 1513 1582 pan-

840 1593 911 1622 dere
934 1593 1034 1629 viam,
1060 1589 1190 1620 Andere
1223 1589 1282 1620 les.
1316 1591 1513 1621 exstitissem.

840 1654 882 1657 -
906 1638 950 1666 ad
970 1647 1100 1677 moram,
1128 1636 1181 1673 36,
1205 1636 1237 1675 9,
1266 1635 1315 1667 13.

886 1678 953 1716 59.
989 1683 1015 1713 1.
1050 1687 1081 1712 at
1114 1683 1210 1721 hera,
1245 1680 1299 1721 34,
1326 1680 1379 1719 31,
1407 1680 1439 1712 9.
1470 1696 1513 1700 —-

838 1729 1020 1758 acoommod.
1052 1726 1118 1766 vgl.
1150 1736 1178 1759 c.
1217 1727 1269 1763 55,
1308 1726 1344 1758 ὃς
1378 1735 1515 1757 commo-

840 1774 931 1811 dior,·
961 1773 1014 1810 37,
1040 1773 1093 1811 52,
1124 1773 1173 1804 10.
1194 1788 1234 1792 -——
1252 1771 1410 1802 habuisset
1428 1770 1513 1802 nach

832 1818 951 1857 fuerit,
989 1827 1014 1848 c.
1051 1818 1103 1855 58,
1142 1818 1182 1855 83
1216 1816 1300 1846 doch
1325 1816 1432 1847 haben
1459 1815 1512 1847 dic

836 1862 996 1903 jiingeren
1025 1862 1096 1893 Hss.
1134 1863 1259 1903 arqenti
1288 1863 1352 1893 vim
1387 1873 1426 1892 m,
1451 1863 1513 1892 Ιια-

839 1910 949 1940 buerz‘t.
965 1926 1007 1930 ——
1022 1919 1064 1939 cm
1088 1911 1149 1939 etc.
1174 1906 1263 1948 zeigt
1288 1906 1338 1938 die
1356 1906 1513 1947 Nichtig-

839 1953 911 1985 keit
939 1954 993 1985 des
1020 1952 1238 1990 Einwaudes,
1281 1952 1429 1984 welchen
1454 1952 1514 1983 der

839 1998 968 2030 Redner
995 2009 1057 2029 100
1083 1999 1143 2030 1100
1169 1997 1320 2038 Gegnern
1349 1996 1511 2029 anfiihren

838 2044 931 2084 liisst,
973 2044 1074 2075 durch
1116 2043 1167 2074 die
1204 2042 1415 2083 Hinweisung
1456 2040 1516 2074 auf

839 2090 907 2128 das,
940 2100 1008 2121 was
1040 2088 1196 2120 wirklich
1231 2089 1413 2129 geschehen
1455 2088 1518 2130 ist,

840 2135 904 2167 010
925 2145 952 2166 0.
973 2137 1026 2171 45,
1062 2136 1099 2172 ὃς
1126 2137 1180 2173 44,
1201 2135 1253 2173 39,
1280 2136 1307 2166 1.
1349 2133 1454 2166 Wiire
1471 2135 1522 2166 32⁸(

840 2180 971 2221 richtig,
990 2191 1025 2212 so
1053 2181 1174 2212 miisste
1201 2181 1257 2211 der
1290 2179 1369 2211 Satz
1394 2179 1443 2210 als
1468 2189 1509 2210 au

841 2226 891 2257 die
926 2225 1057 2266 Gegner
1094 2225 1276 2266 gei-ichtete
1310 2223 1418 2265 Frage
1451 2234 1510 2265 ge-

840 2270 923 2303 fasst
948 2271 1096 2303 werden:
1133 2270 1180 2302 sie
1212 2270 1365 2301 m'oehten
1395 2279 1508 2310 sagon,

840 2317 1005 2358 erkl'aren,
1033 2316 1072 2348 ob
1099 2316 1188 2347 nicht
1212 2319 1312 2357 etwa,
1347 2315 1385 2346 00
1422 2318 1509 2347 etwa

839 2372 909 2403 gar,
956 2362 1022 2403 vgl.
1060 2363 1113 2403 39,
1140 2364 1171 2400 4,
1214 2363 1272 2399 113
1318 2363 1350 2397 5,
1390 2362 1421 2399 2,
1465 2362 1506 2400 93

839 2408 978 2440 anderer
1011 2407 1073 2438 Art
1115 2407 1158 2438 ist
1199 2408 1253 2442 36,
1298 2408 1351 2445 40,
1393 2408 1430 2445 7;
1477 2407 1507 2445 3,

840 2454 893 2495 72,
924 2456 963 2493 43
988 2455 1019 2494 6,
1055 2453 1108 2492 36,
1137 2454 1186 2485 12.
1235 2451 1325 2482 Doch
1360 2451 1442 2491 liegt
1474 2461 1509 2482 03

838 2498 909 2530 hier
940 2499 1051 2534 niiher,
1078 2498 1149 2529 0100
1183 2496 1362 2537 eigentlich
1394 2497 1508 2528 rheto-

840 2544 947 2576 rische
976 2543 1081 2584 Frage
1108 2543 1339 2581 anzunehmeu,
1379 2542 1416 2573 da
1451 2542 1509 2574 das

1207 2600 1249 2631 25
