1715 2723
613 118 740 152 LIBER
755 118 916 152 XXXIV.
942 117 1036 151 CAP.
1055 119 1086 150 7.
1412 134 1439 151 a.
1455 133 1482 151 u.
1498 125 1559 152 559.

159 127 238 167 282

108 233 130 266 4
158 239 256 267 uxor
294 221 458 264 vestita?
478 221 545 261 sed
566 222 606 261 in
626 233 809 274 purpura,
832 233 928 272 quae
949 220 1104 267 teritur,
1127 220 1355 268 absumitur,
1377 220 1559 261 iniustam

159 283 329 336 quidem,
350 280 417 319 sed
438 279 605 330 aliquam
625 283 758 317 tamen
774 289 927 316 oausam
944 277 1160 316 tenacitatis
1177 277 1308 325 video,
1330 278 1369 316 in
1384 290 1477 317 auro
1495 291 1559 317 ve-

157 352 219 385 ro,
242 340 280 377 in
302 350 378 389 quo
399 340 551 387 praeter
569 334 858 386 manupretium
879 333 974 372 nihil
993 333 1266 372 intertrimenti
1286 333 1339 380 fit,
1362 346 1458 386 quae
1475 346 1559 372 ma-

156 395 309 446 lignitas
329 391 418 432 est?
438 392 672 444 praesidium
692 390 821 442 potius
844 390 884 428 in
905 403 950 428 eo
973 394 1030 428 est
1051 394 1088 428 et
1110 390 1156 429 ad
1176 390 1344 441 privatos
1366 395 1404 428 et
1423 390 1470 428 ad
1486 402 1561 441 pu-

110 457 128 488 5
158 451 276 490 blicos
305 462 417 495 usus,
441 449 540 487 siout
566 447 713 500 experti
743 447 848 486 estis.
888 446 1032 485 nullam
1064 445 1362 485 aemulationem
1393 445 1495 485 inter
1521 459 1560 485 se

158 507 408 558 singularum,
431 505 615 557 quoniam
636 503 738 542 nulla
758 503 931 549 haberet,
953 515 1036 541 esse
1056 503 1191 541 aiebat.
1232 507 1270 541 at
1292 503 1445 541 hercule
1474 502 1562 540 uni-

158 563 276 603 versis
298 563 407 601 dolor
428 567 465 600 et
485 561 694 612 indignatio
717 564 786 605 est,
812 571 900 598 oum
918 559 1114 598 sociorum
1137 558 1258 597 Latini
1275 558 1446 597 nominis
1462 570 1562 596 uxo-

111 627 130 658 6
158 620 264 659 ribus
284 619 415 657 vident
435 631 479 656 ea
500 629 681 656 concessa
699 620 937 661 ornamenta,
961 628 1058 666 quae
1076 615 1147 654 sibi
1164 615 1341 666 adempta
1362 614 1451 659 sint,
1474 626 1564 653 oum

158 676 318 727 insignis
339 688 402 714 eas
425 687 507 713 esse
529 686 622 712 auro
641 678 679 711 et
698 684 868 724 purpura
882 703 890 717 ,
920 684 1009 710 cum
1030 672 1110 710 illas
1132 671 1217 710 vehi
1248 683 1316 722 per
1335 671 1486 717 urbem,
1523 682 1564 709 se

158 733 322 785 pedibus
343 731 471 782 sequi,
501 735 700 779 tamquam
722 729 761 766 in
781 729 933 767 illarum
955 728 1168 768 civitatibus
1188 739 1268 766 non
1291 728 1330 766 in
1350 739 1417 766 sua
1439 727 1563 778 impe-

111 797 129 827 7
158 789 260 828 rium
282 788 342 826 sit.
383 787 556 825 virorum
577 785 651 824 hoe
671 785 821 823 animos
844 785 1042 823 vulnerare
1063 790 1219 835 posset,
1243 784 1331 834 quid
1354 783 1564 822 muliercu—

111 851 130 883 8
158 845 283 884 larum
304 843 489 889 censetis,
513 854 607 892 quas
628 841 744 879 etiam
766 852 880 891 parva
900 838 1085 878 movent?
1109 852 1189 879 non
1218 840 1465 890 magistratus
1493 851 1566 879 neo

160 900 367 940 sacerdotia
390 910 462 937 nec
479 896 668 947 triumphi
688 908 760 934 nec
780 896 940 947 insignia
969 907 1040 935 nee
1062 896 1162 935 dona
1193 901 1258 934 aut
1283 895 1406 946 spolia
1433 895 1565 934 bellica

111 963 131 995 9
159 957 204 996 iis
227 956 448 1006 contingere
469 959 652 1005 possunt:
677 952 889 991 munditiae
912 957 949 990 et
971 958 1129 990 ornatus
1151 957 1188 990 et
1208 951 1352 997 cultus,
1382 952 1477 990 haec
1505 952 1563 990 fe-

159 1013 355 1052 minarum
375 1011 536 1062 insignia
556 1014 660 1055 sunt,
682 1009 741 1047 his
761 1008 929 1060 gaudent
949 1013 987 1047 et
1007 1008 1232 1059 gloriantur,
1254 1008 1357 1047 hunc
1373 1008 1564 1048 mundum

160 1103 342 1141 brauehen,
366 1102 433 1142 vgl.
452 1101 552 1142 Ver-g.
576 1100 658 1132 Aen.
683 1100 720 1135 7,
744 1098 824 1129 277:

159 1150 324 1180 instratos
347 1149 439 1178 ostro
462 1144 620 1189 alipedes.
639 1163 681 1167 —
699 1145 827 1175 tei-itm·

160 1195 243 1235 abs„
260 1203 286 1224 s.
307 1202 334 1223 c.
351 1191 382 1228 3,
402 1192 430 1223 4.
450 1210 493 1213 —
509 1191 714 1232 manupret„
733 1188 825 1219 Lohn

160 1237 214 1270 fiir
230 1238 291 1269 den
310 1234 557 1277 Goldarbeiter,
575 1235 626 1266 die
643 1233 752 1265 Bainb.
769 1234 824 1265 Hs.

160 1283 216 1314 hat
248 1282 299 1313 die
339 1286 433 1312 sonst
473 1281 563 1312 nicht
599 1278 825 1320 gewo‘hnliehe

161 1328 257 1360 Forin
274 1328 393 1358 manui
404 1327 565 1369 pretium,
583 1324 740 1355 w'tihrend
755 1323 825 1354 sich

161 1373 245 1405 noch
260 1373 441 1414 ‘manz‘Jn’e-t.
460 1382 489 1401 u.
508 1380 629 1401 manus
644 1379 697 1412 pr.
713 1369 823 1399 findet.

159 1436 204 1440 —
226 1418 421 1455 intertrim„
446 1426 471 1447 5.
497 1416 555 1452 32,
581 1415 616 1453 2,
643 1415 674 1446 2.
698 1432 742 1437 -
764 1424 825 1444 ea·—

158 1464 252 1505 pertz‘
266 1473 307 1501 6.,
326 1473 353 1492 e.
372 1463 402 1501 5,
420 1461 450 1492 9.

207 1507 295 1538 5—7.
322 1506 380 1537 Die
410 1505 629 1544 Erbitterung
658 1504 753 1535 Aller
781 1503 827 1534 ist

161 1552 349 1584 schlinnner
373 1551 422 1581 als
448 1550 499 1581 die
522 1550 623 1580 Sueht
647 1548 827 1580 Einzelner

163 1597 231 1628 sich
260 1596 520 1627 hervorzuthun.
544 1613 588 1617 ——
610 1596 701 1625 intel·
723 1604 758 1623 se
783 1592 827 1623 ist

163 1641 383 1681 nothwendig,
403 1641 443 1671 da
461 1640 518 1671 das
536 1638 750 1671 verhfiltniss
769 1638 828 1668 (ler

161 1686 342 1718 Einzelnen
364 1689 462 1717 unter
484 1684 641 1715 einander
664 1683 712 1715 als
743 1682 828 1713 reei—

162 1732 298 1774 prokes,
323 1731 411 1762 nicht
428 1730 607 1761 Einzelner
630 1733 728 1760 unter
751 1728 829 1758 ‹len—

163 1777 275 1808 selben
296 1778 402 1811 (inter
424 1776 500 1814 eas)
525 1775 715 1805 bezeichnet
732 1773 828 1803 wird.

164 1841 206 1843 —
223 1824 258 1852 at
283 1822 371 1852 here.
390 1821 483 1851 stellt
507 1820 578 1851 dem
598 1818 829 1857 (stillschwei-

162 1867 245 1907 gend
288 1864 553 1905 eingmtiumten)
593 1862 728 1895 Grunde
771 1863 828 1894 des

164 1910 312 1951 Gegners
327 1910 421 1941 einen
436 1910 577 1940 anderen
593 1909 643 1939 als
653 1919 676 1938 11
687 1908 829 1947 ichtiger

164 1956 350 1997 gegeniiber
364 1955 428 1985 und
442 1952 623 1993 bekr'aftigt
637 1953 828 1983 denselben.

162 2019 206 2023 »-
223 2010 296 2031 eum
316 2015 335 2025 ε
353 1998 448 2040 quod,
468 2009 493 2029 s.
510 1999 561 2039 39,
585 1998 632 2037 12,
652 1999 687 2035 7;
707 1998 759 2031 44,
776 1998 829 2033 36,

165 2045 195 2076 8.
218 2063 262 2067 -
284 2046 415 2085 sociatu,
438 2044 495 2075 das
521 2043 682 2084 Oppische
708 2042 830 2073 Gesetz

166 2100 235 2121 war
252 2090 323 2121 also
344 2089 403 2119 (1611
423 2088 715 2128 Bundesgenossen
742 2087 830 2118 nieht

165 2133 411 2175 ausgedrungen
432 2133 585 2169 worden,
612 2132 672 2162 wie
695 2132 829 2170 andere,

165 2191 190 2211 s.
212 2180 265 2219 35,
283 2180 314 2218 7,
333 2180 361 2210 5.
388 2178 479 2209 Nach
497 2178 568 2208 dem
584 2176 675 2217 Folg.
690 2186 754 2218 pei·
772 2187 829 2207 117¹-

166 2226 238 2255 bem
256 2224 369 2254 niinmt
388 2223 423 2255 L.
444 2233 499 2261 1111,
526 2223 602 2253 dass
620 2222 681 2253 den
700 2220 829 2251 Frauen

166 2270 223 2300 der
247 2269 540 2309 Bundesgenossen
563 2267 620 2298 das
645 2266 772 2297 Fabi-en
797 2266 827 2296 111

165 2314 223 2344 der·
241 2314 336 2345 Stadt
353 2313 484 2345 erlaubt
501 2322 653 2352 gewesen
672 2311 735 2347 sei,
754 2321 779 2341 5.
801 2322 827 2342 c.

168 2358 204 2397 3,
235 2360 271 2397 9,
303 2357 361 2389 auf
385 2359 443 2389 das
473 2357 606 2389 friihere
636 2356 739 2387 Recht
771 2356 830 2386 der

166 2402 294 2434 Frauen
314 2404 349 2442 5,
369 2404 427 2442 25,
446 2404 465 2433 9
490 2402 575 2434 liisst
592 2411 629 2432 er
652 2402 732 2432 1111611
756 2401 830 2431 hier

166 2449 225 2478 (1611
235 2447 363 2478 Redner
379 2448 471 2478 keine
487 2447 666 2478 Riicksicht
681 2446 826 2476 nehmen.

166 2510 209 2514 —
223 2492 346 2534 pedib„
364 2493 421 2523 (161·
436 2492 609 2524 Gebrauch
623 2492 681 2522 der
693 2490 828 2521 Siinl'ten

168 2537 211 2567 ist
224 2537 288 2567 wol
303 2537 495 2569 absiehtlieh
512 2537 733 2577 iiber-gangen.
746 2536 828 2567 (161111

899 1099 1096 1130 sehwerlich
1120 1100 1174 1130 hat
1193 1098 1228 1130 L.
1249 1099 1412 1129 andeuten
1429 1097 1564 1138 wolleu,

899 1145 975 1175 (lass
999 1144 1166 1175 dieselben
1196 1144 1319 1175 damals
1350 1143 1433 1174 noch
1456 1142 1565 1183 wenig

899 1190 932 1220 in
951 1188 1123 1220 Gebrauch
1142 1198 1270 1228 waren,
1297 1199 1322 1220 5.
1341 1187 1466 1219 Becker
1485 1186 1565 1219 Gal-

899 1235 950 1265 lus
976 1233 1010 1275 3,
1036 1234 1065 1265 7.
1093 1252 1134 1256 -
1157 1233 1343 1265 mulier-md.
1369 1244 1398 1263 n.
1422 1234 1564 1270 animos,

899 1279 984 1309 dazu
1007 1279 1050 1310 ist
1073 1289 1131 1310 aus
1158 1279 1333 1310 vulnerare
1351 1278 1410 1309 der
1427 1277 1563 1318 Begriff:

900 1324 1081 1365 empfinden
1099 1335 1137 1355 zu
1153 1324 1289 1355 (lenken.
1305 1342 1346 1345 —
1359 1333 1476 1366 parva,
1494 1322 1561 1363 vgl.

899 1368 930 1407 6,
949 1369 1001 1407 34,
1021 1370 1050 1400 7.

946 1414 1056 1445 8-10.
1090 1412 1173 1445 W'as
1197 1413 1249 1445 die
1274 1413 1403 1444 Frauen
1429 1412 1566 1444 verlan-

899 1469 962 1499 gen
981 1459 1023 1490 ist
1042 1459 1270 1490 uubedeutend
1288 1458 1352 1489 und
1374 1458 1445 1488 (16111
1462 1457 1566 1488 weib-

899 1504 1004 1534 lichen
1040 1503 1225 1535 Charakter
1263 1512 1488 1544 angemessen.
1522 1520 1566 1524 ——

900 1559 963 1579 ηοη
983 1559 1073 1590 mag.
1093 1553 1169 1588 etc.‚
1193 1549 1258 1589 vgl.
1279 1549 1331 1579 (116
1349 1547 1397 1579 St.
1423 1558 1481 1579 aus
1500 1546 1566 1578 Zo-

902 1604 972 1625 nar.
992 1604 1031 1624 zu
1050 1604 1076 1624 e.
1096 1594 1132 1631 4,
1152 1593 1206 1624 21.
1222 1611 1263 1615 —
1280 1592 1383 1632 dona,
1402 1593 1439 1631 6,
1458 1592 1516 1631 20,
1536 1592 1565 1622 7.

900 1657 943 1661 -ω
961 1638 1085 1680 spolia,
1104 1638 1162 1679 23,
1182 1638 1241 1673 23,
1260 1638 1288 1669 6.
1309 1656 1353 1660 -
1369 1637 1566 1673 munditiae,

903 1694 929 1714 s.
949 1683 978 1719 8,
1004 1684 1052 1720 15,
1072 1684 1108 1719 73
1133 1683 1213 1714 Sall.
1233 1682 1254 1714 I.
1277 1683 1329 1721 85,
1347 1683 1405 1714 40:
1431 1681 1566 1714 munde?-

901 1730 968 1759 Πᾶς
985 1728 1200 1766 mulieribus,
1227 1730 1308 1760 viris
1325 1727 1474 1759 laborem
1490 1737 1567 1758 con-

902 1775 1030 1807 venire:
1049 1772 1129 1804 Zon.
1150 1774 1171 1804 l.
1192 1773 1230 1805 l.:
1257 1772 1299 1805 σὺ
1319 1769 1354 1803 δ’
1376 1769 1403 1803 ὦ
1422 1769 1566 1807 Κάτων,

904 1819 934 1850 εἰ
952 1815 1050 1862 ἄχθῃ
1075 1818 1124 1860 τῷ
1142 1815 1270 1860 κόσμῳ
1288 1818 1362 1849 τῶν
1383 1817 1568 1859 γυναικῶν

903 1882 922 1885 —
953 1860 1155 1906 ἀπόκειρον
1184 1861 1294 1898 αὐτὰς
1318 1859 1567 1907 περιτρόχαλα

902 1908 961 1939 καὶ
987 1927 1006 1930 -
1030 1906 1213 1951 ἓξωμίδας
1237 1906 1410 1946 ἕνδυσον,
1440 1907 1501 1938 καὶ
1524 1903 1566 1943 νὴ

903 1954 977 1984 ,1ιά
997 1949 1040 1983 σύ
1057 1962 1098 1995 γε
1116 1949 1278 1983 ὅπλισον
1294 1971 1315 1974 -
1333 1952 1391 1982 καὶ
1411 1952 1442 1984 εἰ
1466 1950 1571 1982 δοκεῖ

905 2006 962 2029 σοι
987 1998 1044 2028 καὶ
1071 1997 1121 2032 εἰς
1146 1996 1211 2036 τὴν
1226 1994 1381 2038 Ἰβηρίαν
1404 1993 1568 2039 ἀνάγαγε

904 2047 965 2073 etc.
984 2061 1024 2064 μ
1045 2045 1154 2074 ornat.
1179 2047 1255 2083 ete,
1280 2042 1347 2082 vgl.
1368 2040 1510 2072 Tertull.
1528 2041 1567 2072 de

902 2087 975 2118 hab.
995 2088 1071 2118 mul.
1092 2098 1119 2118 c.
1138 2089 1174 2119 4:
1198 2088 1333 2118 habitus
1356 2086 1566 2127 feminarum

903 2132 1066 2174 duplic-em
1090 2134 1232 2175 speeiem
1257 2131 1474 2173 ce'renms'ert,
1499 2130 1568 2162 cul-

902 2179 973 2207 tum
998 2180 1030 2208 et
1054 2181 1231 2214 ornatuum·
1259 2176 1386 2208 cultum
1415 2175 1567 2216 dle-imus,

903 2232 997 2262 quem
1017 2222 1177 2254 mnndum
1195 2222 1395 2253 muliebrem
1417 2222 1567 2252 convenit

903 2266 985 2297 diei.-
1004 2267 1057 2297 z'lle
1075 2269 1106 2298 ίη
1121 2278 1205 2299 (mro
1219 2270 1252 2299 et
1268 2269 1410 2308 argento
1424 2268 1457 2297 et
1471 2276 1568 2307 gem-

903 2313 968 2342 mis
983 2311 1187 2354 depm‘alm·;
1207 2314 1270 2343 iste
1287 2314 1318 2343 Ῐη
1333 2321 1416 2342 σιω-α
1433 2310 1567 2353 capillo-

903 2366 977 2387 rum
998 2359 1130 2388 6161ιὲιέ
1144 2363 1206 2389 ete.
1224 2376 1268 2379 μ
1281 2356 1444 2398 gaudent,
1463 2355 1566 2386 haben

904 2401 981 2432 Reiz
1006 2400 1059 2433 fiir
1083 2402 1143 2434 sie.
1183 2421 1215 2424 —
1243 2401 1396 2432 ‘niult'ebin
1421 2401 1477 2432 hat
1506 2401 1566 2430 den

905 2445 1114 2478 Naehdruek:
1142 2447 1213 2478 sind
1239 2457 1274 2478 so
1293 2446 1351 2477 den
1370 2445 1500 2476 Frauen
1519 2445 1568 2475 ei—

903 2501 974 2531 gen,
992 2492 1067 2522 (lass
1086 2503 1118 2524 u.
1137 2503 1162 2523 s.
1182 2502 1223 2524 w.
1241 2510 1282 2514 -
1300 2490 1478 2530 mundam,
1496 2490 1567 2520 11161·

904 2537 932 2566 111
953 2536 1124 2568 weiterein
1141 2536 1257 2576 Sinne,
1283 2547 1318 2567 so
1337 2536 1412 2567 dass
1432 2545 1466 2567 es
1485 2535 1567 2565 1111611
