1715 2723
509 141 632 174 LIBER
650 141 807 174 XXXIII.
834 142 925 173 CAP.
945 143 999 174 47.
1386 145 1461 184 261

59 159 84 175 a.
102 151 153 176 Ch.
169 151 228 175 19⁵.

171 244 272 283 Tum
293 256 384 283 vero
406 244 444 291 ii,
466 256 564 296 quos
584 250 742 295 paverat
770 256 841 295 per
866 244 1013 295 aliquot
1041 256 1162 284 annos
1194 246 1370 297 publicus
1398 259 1468 297 pe-

58 300 225 347 culatus,
248 301 351 340 velut
367 299 480 339 bonis
502 300 663 352 ereptis,
693 311 773 339 non
793 301 989 339 furtorum
1011 301 1205 340 manubiis
1227 302 1387 341 extortis
1408 302 1468 341 in·

56 357 154 396 sensi
174 362 214 396 et
234 356 319 396 irati
340 357 539 396 Romanos
559 358 598 395 in
614 356 882 403 Hannibalem,
905 362 943 396 et
958 356 1064 407 ipsos
1081 370 1235 396 causam
1255 359 1331 397 odii
1349 371 1467 410 quae—

56 413 186 460 rentis,
208 413 453 464 instigabant.
494 413 544 452 ita
566 413 631 452 diu
655 418 896 465 repugnante
918 413 960 451 P.
985 412 1164 463 Scipione
1185 414 1380 461 Africano,
1403 416 1466 465 qui

55 482 193 522 parum
215 483 261 509 ex
283 469 465 521 dignitate
486 469 618 520 populi
639 469 805 508 Romani
822 482 907 508 esse
928 469 1091 508 ducebat
1109 469 1353 509 subscribere
1371 471 1466 510 odiis

55 531 324 566 accusatorum
347 526 570 565 Hannibalis
591 531 630 564 et
655 526 887 565 factionibus
909 525 1280 576 Carthaginiensium
1299 527 1466 566 inserere

54 582 246 634 publicam
267 583 537 622 auctoritatem
559 594 632 621 nec
652 582 743 621 satis
764 582 907 622 hahere
928 581 1027 620 bello
1044 581 1179 621 vicisse
1199 582 1466 629 Hannibalem,

54 639 128 678 nisi
150 639 253 678 velut
272 643 515 678 accusatores
545 638 778 678 calumniam
807 639 846 677 in
868 651 956 677 eum
979 638 1150 677 iurarent
1171 650 1214 677 ac
1234 650 1379 677 nomen
1400 640 1466 677 de-

52 694 218 741 ferrent,
240 695 397 734 tandem
418 695 683 746 pervicerunt,
706 701 750 734 ut
770 695 883 747 legati
913 695 1180 746 Carthaginem
1209 695 1466 741 mitterentur,

54 751 120 803 qui
141 751 187 790 ad
210 757 388 791 senatum
411 764 547 790 eorum
568 757 773 803 arguerent
794 751 1045 790 Hannibalem
1064 763 1152 790 cum
1170 751 1363 790 Antiocho
1379 764 1467 802 rege

55 808 213 847 consilia
241 808 330 847 belli
357 808 520 847 faciendi
548 808 657 847 inire.
698 809 810 860 legati
838 814 918 847 tres
946 807 1076 853 missi,
1106 808 1173 846 Cn.
1204 808 1388 847 Servilius
1416 809 1464 848 Μ.

53 863 232 903 Claudius
252 864 452 904 Marcellus
473 864 518 911 Q.
540 864 745 904 Terentius
766 865 909 903 Culleo.
928 864 992 914 qui
1009 876 1097 902 cum
1115 864 1383 916 Carthaginem
1400 878 1465 904 ve-

53 920 220 967 nissent,
240 933 287 960 ex
309 921 467 959 consilio
489 921 738 960 inimicorum
760 920 983 960 Hannibalis
1005 919 1280 971 quaerentibus
1309 933 1463 960 causam

52 976 238 1016 adventus
266 977 338 1016 dici
359 977 572 1022 iusserunt,
607 977 757 1016 venisse
788 990 828 1016 se
849 977 895 1015 ad
917 977 1218 1023 controversias,
1253 990 1351 1028 quae
1372 990 1459 1016 cum

51 1031 249 1072 Masinissa
270 1046 359 1085 rege
380 1033 637 1072 Numidarum
655 1033 1030 1084 Carthaginiensibus
1047 1039 1196 1078 essent,
1215 1033 1460 1073 dirimendas.

51 1089 90 1127 id
112 1090 301 1128 creditum
324 1090 456 1140 vulgo:
487 1101 609 1128 unum
633 1090 885 1129 Hannibalem
916 1102 957 1127 se
986 1090 1064 1140 peti
1091 1090 1137 1128 ab
1171 1089 1356 1129 Romanis
1382 1102 1459 1129 non

51 1144 217 1192 fallebat,
235 1150 274 1183 et
289 1145 340 1184 ita
356 1158 490 1196 pacem
509 1146 888 1197 Carthaginiensibus
906 1146 1035 1184 datam
1054 1158 1150 1190 esse,
1174 1151 1215 1184 ut
1232 1145 1459 1197 inexpiabih¹

50 1201 193 1240 bellum
212 1202 395 1240 adversus
415 1214 456 1240 se
478 1213 601 1240 unum
623 1208 810 1241 maneret.
841 1202 971 1253 itaque
990 1202 1125 1240 cedere
1141 1202 1309 1252 tempori
1325 1207 1362 1240 et
1378 1202 1460 1240 for-

52 1263 167 1296 tunae
187 1258 340 1303 statuit3
362 1263 400 1297 et
415 1258 649 1309 praeparatis
670 1259 747 1297 iam
769 1263 857 1297 ante
880 1258 1062 1297 omnibus
1084 1258 1130 1296 ad
1152 1258 1297 1307 fugam,
1321 1258 1459 1297 obver—

51 1319 158 1354 satus
174 1328 220 1354 eo
243 1314 303 1353 die
324 1314 364 1353 in
384 1315 469 1353 foro
490 1315 718 1354 avertendae
740 1315 969 1367 suspicionis
992 1327 1116 1360 causa,
1135 1315 1270 1365 primis
1291 1315 1461 1354 tenebris

1498 255 1518 285 3

1494 1212 1534 1243 10

96 1437 182 1468 3-6.
204 1437 374 1480 publicas,
405 1437 556 1477 obglcich
582 1438 719 1479 pecula-

51 1485 107 1514 tus
130 1482 192 1513 wic
216 1481 237 1524 ξ
259 1483 269 1513 1
298 1482 413 1513 immer
431 1493 495 1513 von
519 1483 578 1513 der
596 1482 718 1515 Untcr—

51 1527 233 1568 schlagung
277 1526 554 1559 iiffentlicher
594 1526 718 1559 Gelder

50 1572 232 1613 gebraucht
244 1572 340 1609 wird,
358 1572 458 1603 findet
471 1572 539 1603 sich
553 1572 636 1603 doch
649 1573 718 1603 his-

50 1617 170 1648 weilen
183 1617 339 1660 publicus
356 1621 543 1657 zugesetzt‚
561 1627 587 1648 s.
606 1617 715 1649 Varro

50 1661 87 1694 L.
107 1661 145 1693 L.
164 1663 201 1700 5,
219 1663 278 1693 95:
302 1662 377 1693 hinc
397 1661 589 1704 peculatam
606 1662 717 1705 publi-

50 1717 136 1738 cum.
161 1725 203 1729 —
227 1708 335 1748 bonis,
362 1707 415 1738 ihr
438 1707 572 1748 eigcner
590 1707 716 1745 Besitz;

49 1762 123 1784 zum
148 1750 326 1783 Gedanken
357 1752 422 1793 vgl.
455 1754 494 1791 4,
523 1753 581 1793 54,
613 1753 642 1783 7.
673 1770 718 1775 —-

48 1798 178 1839 fartor.
198 1808 296 1835 man,
320 1797 470 1837 cigenti:
495 1798 552 1828 das
577 1807 636 1828 aus
655 1798 716 1828 den

49 1842 262 1884 gestohlenen
272 1842 398 1883 Dingen
408 1842 546 1883 gcliiste,
556 1842 640 1873 hier:
657 1843 714 1873 das

49 1888 241 1929 gestohlenc
260 1886 360 1926 Geld,
387 1887 453 1928 vgl.
473 1888 531 1924 29,
552 1888 588 1925 8,
607 1888 642 1918 9:
661 1898 716 1918 sa-

49 1933 184 1974 crilegii
198 1934 256 1964 seli
270 1934 464 1971 manubias,
484 1932 553 1964 Cic.
568 1932 600 1963 S.
617 1932 714 1964 l‘iosc.

51 1978 105 2017 37,
122 1978 198 2009 108:
216 1978 277 2008 llas
293 1978 471 2009 manubias
488 1988 519 2008 u.
538 1988 567 2008 a.
581 1996 625 2000 ——
638 1977 716 2019 odii,

50 2023 142 2053 ihren
176 2022 259 2053 Hass
299 2033 339 2053 an
380 2022 443 2053 ihm
480 2023 714 2054 auszulassen:

51 2066 164 2099 Grund
183 2067 236 2098 ihn
255 2078 295 2098 zu
312 2067 431 2098 hassen
449 2077 519 2098 war
544 2068 643 2099 sehon
662 2069 714 2099 da.

49 2130 93 2135 —
114 2122 236 2155 parum
261 2123 306 2143 ea·
330 2112 372 2152 cl„
398 2122 422 2142 s.
450 2112 508 2149 31,
534 2113 591 2151 15,
619 2114 646 2145 l.
672 2132 712 2136 —

50 2158 173 2195 subse„
206 2157 288 2188 wird
319 2168 382 2188 von
416 2157 488 2188 dein
521 2157 713 2198 gebraucht,

50 2202 195 2234 welchcr
210 2202 262 2233 dic
276 2213 339 2233 von
354 2202 458 2233 einen]
473 2202 625 2234 Andcren
640 2213 715 2235 ver-

50 2246 154 2279 fasste
171 2246 440 2288 Anklagesehrift
459 2248 714 2289 unterschreibt,

51 2293 114 2324 und
131 2292 254 2330 diesen,
273 2294 334 2323 den
352 2293 632 2335 Hauptankl'ager,
654 2304 715 2324 un-

50 2338 235 2370 terstiitzen
260 2338 341 2377 will,
361 2338 427 2377 vgl.
451 2338 500 2378 10,
519 2338 571 2379 22,
589 2340 626 2377 43
647 2337 714 2371 Cic.

51 2381 178 2414 cluent.
193 2384 247 2423 47,
269 2383 324 2414 131
339 2395 346 2413 ;
364 2385 397 2414 ile
417 2382 581 2425 Popilium
600 2402 621 2405 -
638 2384 715 2414 sub-

49 2429 187 2470 scr-ipsit
206 2426 240 2459 L.
262 2428 384 2461 Gellius
402 2439 432 2459 u.
453 2438 482 2459 3.
497 2447 539 2450 -
554 2430 714 2468 inserere,

50 2472 123 2504 Val.
148 2472 207 2504 M.:
233 2484 268 2505 se
289 2475 523 2515 interponere,
553 2473 623 2504 sich
645 2474 715 2504 ein-

49 2517 195 2549 mischen
226 2519 258 2549 in
284 2519 344 2549 den
371 2518 478 2549 Streit
502 2519 561 2549 der
580 2517 715 2549 Factio-

52 2571 123 2601 nen,
141 2562 209 2594 sich
224 2563 316 2595 einer
332 2563 563 2604 gleichstellen
577 2563 640 2594 und
658 2573 715 2594 an—

792 1438 994 1476 schliesseu,
1021 1438 1088 1478 vgl.
1108 1438 1144 1475 (5,
1164 1436 1222 1473 38,
1244 1436 1272 1467 7.
1297 1455 1340 1459 -
1363 1447 1421 1468 mec
1442 1456 1458 1458 -

791 1485 872 1524 m'sz',
889 1481 943 1514 fur
961 1482 1051 1514 nicht
1068 1481 1285 1513 ausi-eichend
1302 1482 1459 1513 eraehten

791 1530 889 1566 (satis
904 1528 1057 1567 habere),
1080 1537 1175 1558 wcnn
1202 1526 1293 1557 nicht
1310 1538 1340 1558 u.
1359 1538 1385 1558 s.
1404 1537 1460 1563 w,

791 1574 852 1603 wir
871 1574 1026 1604 wiirden:
1050 1573 1194 1603 sondern
1214 1581 1326 1611 sagen.
1344 1590 1386 1594 —
1405 1582 1460 1602 ea-

790 1618 892 1649 Iumn.
929 1619 1006 1658 inlu,
1041 1618 1099 1648 der
1129 1616 1302 1657 Ankliiger
1334 1622 1459 1648 musstc

791 1663 874 1694 heim
894 1662 1024 1702 Anfang
1051 1663 1108 1693 des
1127 1661 1308 1692 Prot-esses
1331 1662 1458 1692 schwii-

791 1718 866 1745 ren,
896 1708 972 1739 dass
1002 1717 1038 1738 er
1068 1707 1157 1738 nicht
1186 1707 1216 1737 in
1252 1706 1459 1747 biiswilliger

789 1753 929 1784 Absit-ht
971 1751 1157 1790 <calumnia
1199 1751 1459 1783 Rechtsverdre-

788 1799 892 1838 hung,
911 1797 1091 1829 besoudcrs
1109 1796 1315 1837 biiswilliger
1332 1796 1458 1828 Ankltt—

789 1845 868 1883 ger)
888 1843 940 1874 die
958 1840 1064 1882 h‘lage
1081 1842 1219 1882 erhebc,
1244 1853 1270 1873 s.
1290 1842 1327 1882 6,
1348 1842 1404 1881 16,
1426 1844 1461 1873 1:

789 1899 829 1919 zu
847 1888 916 1919 Cic.
943 1888 976 1918 S.
994 1887 1093 1919 Rosc.
1115 1887 1173 1927 19,
1192 1888 1255 1921 55:
1282 1886 1363 1918 Rein
1389 1886 1462 1918 Cri—

789 1933 918 1965 minalr.
944 1932 976 1963 S.
997 1932 1078 1969 8073
1104 1942 1144 1963 an
1170 1943 1200 1963 u.
1228 1932 1276 1963 St.
1301 1932 1391 1963 dient
1415 1942 1460 1967 es,

788 1979 852 2010 wie
871 1978 958 2009 velat
972 1979 1141 2012 aude-utet,
1162 1988 1223 2008 nur
1237 1988 1298 2008 zur
1310 1976 1461 2008 Schilde-

790 2034 873 2064 rung
889 2024 945 2054 des
964 2022 1189 2062 Unwiirdigcn
1209 2022 1302 2053 cinei·
1327 2022 1458 2053 solchen

788 2069 957 2109 Anklage3
991 2068 1143 2099 dasselbe
1173 2068 1255 2098 wird
1286 2067 1387 2099 durch
1416 2067 1462 2097 ad

789 2117 955 2149 sellatum,
976 2124 1002 2144 s.
1018 2114 1071 2151 34,
1090 2113 1142 2147 61,
1168 2114 1215 2151 15,
1234 2123 1296 2142 xor
1313 2113 1382 2143 dem
1401 2112 1459 2142 das

790 2162 870 2191 riini.
909 2159 999 2191 Yolk
1039 2158 1089 2189 als
1127 2155 1254 2198 liniger
1293 2156 1458 2187 aut'treten

788 2205 899 2235 werde
912 2228 920 2243 ,
946 2203 1128 2235 bezweckt.
1146 2221 1188 2225 -ψ
1204 2204 1383 2245 pervice‘r..
1407 2201 1458 2232 die

789 2249 1010 2291 Gegenpartei
1031 2248 1170 2289 Scipios.
1188 2266 1231 2269 —
1249 2257 1364 2278 eornm
1378 2270 1385 2284 ,
1406 2247 1459 2277 31.

788 2295 841 2326 46.
863 2295 913 2325 13.

832 2340 944 2371 7-10.
973 2338 1028 2370 Cu.
1056 2337 1162 2373 Ser-12,
1194 2338 1285 2368 viell.
1316 2337 1375 2367 der
1405 2336 1458 2375 30,

787 2384 829 2415 24
848 2389 1022 2426 genannte.
1047 2402 1085 2406 ——
1115 2382 1233 2423 Μαι-(κ,
1258 2393 1285 2413 c.
1306 2382 1365 2412 2⁴:
1397 2379 1458 2412 Te-

787 2433 885 2470 rent,
903 2431 955 2470 30,
973 2430 1027 2460 45.
1045 2447 1087 2451 —
1105 2427 1323 2468 quaerentib„
1343 2426 1457 2464 Dativ,

789 2474 852 2505 wie
871 2486 898 2505 c.
919 2475 980 2513 48,
1000 2476 1038 2511 33
1059 2473 1126 2513 vgl.
1147 2473 1183 2503 31
1198 2497 1206 2511 ,
1225 2472 1281 2509 42,
1300 2472 1330 2502 8.
1348 2490 1391 2494 —
1409 2473 1457 2502 ita

789 2524 866 2559 etc„
886 2530 948 2551 nur
966 2530 1019 2556 so,
1037 2519 1097 2549 mit
1115 2518 1171 2548 der
1191 2516 1457 2554 sseschriinkung,

787 2565 849 2595 wie
873 2564 894 2606 ξ
919 2567 953 2594 ῐιῑ
979 2565 1064 2594 satis
1086 2563 1220 2593 habere.
1245 2580 1287 2584 -—
1311 2562 1456 2593 obvers..
