1715 2723
102 158 129 177 ..
144 150 198 178 011.
212 152 272 176 201.
578 139 702 172 LIBER
717 139 846 172 XXXI.
873 139 965 171 CAP.
985 141 1015 171 2.
1475 142 1499 179 5

97 243 229 289 factas,
252 243 402 283 duabus
422 242 637 294 legionibus
663 241 858 281 subitariis
883 241 1073 280 tumultus
1104 242 1185 280 eius
1213 253 1327 281 eausa
1347 241 1501 292 scriptis

99 299 314 350 additisque
336 299 382 338 ad
403 311 466 338 eas
482 303 666 350 quattuor
682 298 907 337 cohortibus
923 298 970 336 de
987 297 1157 336 exercitu
1173 310 1243 336 suo
1261 298 1299 337 C.
1317 297 1502 349 Ampium

98 356 339 407 praefectum
360 355 509 394 socium
537 355 609 393 hac
635 353 887 393 tumultuaria
911 365 1030 392 manu
1058 366 1127 404 per
1147 354 1362 400 Umbriam,
1385 366 1501 405 quam

98 411 245 450 tribum
268 411 463 462 Sapiniam
495 415 645 456 vocant,
675 423 810 461 agrum
837 410 1023 449 Boiorum
1052 409 1231 448 invadere
1259 410 1391 456 iussit3
1419 410 1501 461 ipse

99 468 238 507 eodem
259 472 391 519 aperto
411 466 547 506 itinere
574 478 644 518 per
672 472 825 505 montes
855 466 976 505 duxit.
1017 466 1178 516 Ampius
1205 465 1401 516 ingressus
1428 466 1502 504 ho-

100 523 218 563 stium
240 524 336 562 fines
357 523 484 574 primo
501 523 771 574 populationes
787 523 878 562 satis
898 534 1083 574 prospere
1105 534 1148 560 ac
1162 526 1248 560 tuto
1266 522 1376 569 fecit,
1398 522 1501 560 dele-

101 585 163 620 cto
184 580 321 618 deinde
343 580 390 619 ad
417 584 589 618 castrum
609 579 788 618 Mutilum
816 579 909 618 satis
937 579 1076 617 idoneo
1097 578 1182 617 loco
1205 577 1251 616 ad
1274 578 1503 616 demetenda

99 636 295 675 frumenta
315 659 370 663 --
390 635 467 674 iam
484 635 589 674 enim
606 640 778 674 maturae
794 640 904 675 erant
919 640 1068 686 segetes
1089 658 1143 661 ——
1163 634 1360 685 profectus
1378 645 1504 684 neque

101 693 298 743 explorato
320 692 418 731 circa
439 704 510 731 nec
530 692 759 731 stationibus
775 693 866 731 satis
888 692 1023 738 firmis,
1046 703 1141 742 quae.
1159 695 1327 729 armatae
1343 689 1503 729 inermis

100 753 215 800 atque
236 749 343 799 operi
364 749 535 787 intentos
556 753 787 795 tutarentur,
811 748 947 800 positis
968 748 1180 799 improviso
1202 747 1352 798 impetu
1373 746 1504 785 Gallo-

100 817 189 844 rum
210 817 299 843 oum
314 805 664 844 frumentatoribus
685 810 744 844 est
765 805 1064 844 circumventus.
1102 804 1188 842 inde
1205 815 1323 855 pavor
1338 803 1504 854 fugaque

101 861 218 900 etiam
246 866 414 899 armatos
443 861 554 912 oepit.
597 862 643 900 ad
664 863 721 904 Vs!
747 861 953 900 hominum
986 860 1112 912 palata
1138 872 1207 911 per
1234 864 1380 910 segetes
1414 864 1505 898 sunt

102 929 223 962 caesa,
246 917 346 956 inter
362 929 458 967 quos
474 917 554 968 ipse
572 917 611 956 C.
629 918 791 968 Ampius
808 917 1045 968 praefectus:
1069 917 1186 955 ceteri
1203 917 1241 954 in
1258 920 1382 955 castra
1398 920 1507 954 metu

103 973 305 1023 compulsi.
338 973 425 1011 inde
443 974 525 1011 sine
548 978 652 1011 certo
682 975 777 1011 duce
809 985 998 1011 consensu
1021 973 1174 1011 militari
1195 972 1372 1023 proxima
1392 977 1508 1010 nocte

103 1029 234 1068 relicta
255 1040 392 1079 magna
414 1034 521 1079 parte
543 1041 675 1067 rerum
697 1042 856 1068 suarum
877 1030 922 1067 ad
940 1029 1138 1068 consulem
1156 1041 1226 1079 per
1245 1029 1366 1066 saltus
1387 1040 1507 1078 prope

104 1085 225 1124 invios
246 1096 469 1134 pervenere.
513 1085 595 1134 qui,
625 1085 696 1123 nisi
718 1086 821 1135 quod
842 1086 1048 1136 populatus
1070 1090 1129 1122 est
1150 1084 1333 1122 Boiorum
1361 1084 1448 1121 finis
1469 1089 1508 1121 et

103 1152 191 1179 cum
213 1140 392 1190 Ingaunis
413 1139 616 1190 Liguribus
639 1141 776 1179 foedus
802 1141 883 1186 icit,
906 1141 1000 1178 nihil
1017 1141 1121 1191 quod
1138 1146 1241 1178 esset
1259 1139 1508 1178 memorabile

104 1195 203 1235 aliud
226 1195 265 1234 in
286 1195 479 1247 provincia
503 1208 590 1234 oum
614 1197 807 1247 gessisset,
830 1197 995 1235 Romam
1018 1196 1141 1234 rediit.

103 1341 239 1380 moion,
268 1338 459 1378 Placentia,
485 1338 663 1376 Cremona,
690 1339 770 1370 oder

103 1384 251 1416 einzelne
285 1389 359 1415 treu
388 1384 580 1425 gehliebene,
606 1384 767 1425 gallische
804 1406 806 1408 .

103 1429 257 1462 Stiimme.
282 1447 326 1452 —
349 1430 506 1468 subitan,
531 1429 566 1471 3,
591 1430 627 1471 4,
657 1429 706 1460 11.
724 1448 767 1451 -—

100 1474 249 1516 tumult„
267 1484 293 1505 s.
312 1485 339 1505 c.
360 1475 411 1514 10,
434 1475 467 1513 1;
490 1473 543 1513 32,
561 1474 615 1514 26,
637 1474 695 1511 11;
714 1474 767 1516 34,

840 1339 924 1371 siidl.
939 1350 1003 1370 von
1018 1338 1173 1369 Ravenna
1188 1339 1332 1378 miindet,
1346 1343 1507 1380 genannt3

842 1385 937 1416 keine
962 1384 1124 1415 romische
1149 1383 1287 1425 Tribus,
1319 1384 1381 1415 wie
1406 1385 1508 1415 sehon

841 1440 941 1471 quam
960 1432 1076 1461 vocant
1094 1429 1193 1470 zeigt.
1210 1448 1251 1451 —
1264 1432 1383 1472 aperto
1401 1431 1435 1468 ιζ,
1453 1427 1513 1460 auf

840 1475 934 1506 einer
952 1475 1078 1506 ofl'enen
1097 1474 1248 1514 Strasse,
1274 1475 1337 1513 die,
1356 1474 1507 1515 obgleich

102 1520 155 1560 56,
176 1519 227 1551 13.
244 1536 289 1543 ——-
313 1520 487 1558 cohortib„
516 1530 542 1551 s.
567 1519 620 1559 30,
651 1519 704 1558 33,
731 1519 766 1558 13

101 1565 183 1597 nach
206 1564 370 1606 spiiterem
390 1563 583 1596 Gebrauche
601 1574 712 1595 waren
732 1574 766 1595 es

103 1610 142 1642 12
160 1608 315 1651 Manipel,
339 1610 407 1650 vgl.
425 1610 479 1649 34,
504 1609 558 1649 28,
583 1608 602 1640 8
626 1620 656 1641 u.
676 1620 704 1641 a.
724 1628 767 1632 ἢ

99 1665 213 1687 emero.
231 1666 271 1695 3.,
289 1654 342 1693 30,
359 1655 412 1693 40,
433 1655 484 1685 15.
498 1671 542 1676 —
556 1654 673 1696 praef.
689 1664 767 1693 soc„

103 1699 156 1739 10,
174 1699 229 1737 35,
248 1700 284 1737 53
303 1699 356 1735 25,
377 1699 404 1737 l,
423 1699 452 1729 3.
470 1716 514 1721 —-
533 1698 593 1729 hae
611 1701 634 1729 t.
651 1709 766 1739 manu,

102 1742 185 1775 fasst
214 1742 266 1774 die
294 1743 409 1774 beiden
437 1743 683 1775 Bestandtheile
712 1754 768 1774 zu-

100 1798 261 1827 sammen,
291 1788 441 1828 obgleich
469 1788 605 1820 tumult.
635 1786 694 1819 auf
715 1788 766 1819 die

100 1832 267 1864 Cohorten
294 1832 441 1873 woniger
468 1837 577 1874 passt;
608 1833 689 1863 iiber
714 1833 766 1863 die

100 1877 291 1910 construet.
310 1888 337 1909 s.
358 1878 385 1919 1,
412 1877 465 1916 28,
495 1879 552 1917 103
579 1877 632 1917 31,
657 1878 710 1919 46,
734 1877 765 1908 4.

98 1941 143 1947 ——
159 1933 259 1965 quam
275 1924 354 1955 trib.
369 1922 563 1955 Atti-action
576 1938 597 1949 =
613 1934 687 1954 eam
704 1924 768 1954 tri-

100 1969 178 2000 bum
197 1968 368 2005 Umbriae,
394 1978 492 2010 quum
518 1972 600 2007 etc„
624 1968 686 2007 40,
712 1968 766 2008 31,

100 2014 136 2045 9;
154 2016 263 2057 captis
280 2014 441 2055 (eastris),
459 2024 541 2054 quae
555 2023 640 2056 pars
654 2032 674 2035 —
688 2023 766 2044 eon-

101 2060 186 2102 spz'ci
196 2061 333 2102 poterat
348 2073 371 2084 =
393 2060 426 2090 ei
445 2060 541 2101 parte?
562 2061 766 2098 castrorum,

100 2114 200 2145 quae3
219 2103 273 2143 42,
293 2103 346 2142 56,
363 2104 401 2135 4:
424 2103 629 2136 Boeotorum
652 2105 766 2135 iuven-

99 2150 189 2189 tute,
214 2158 297 2189 quae
318 2158 402 2190 pars
425 2159 500 2180 oum
517 2148 679 2180 Romanis
695 2151 767 2180 sta-

98 2194 172 2232 bat3
192 2193 243 2233 27,
261 2192 316 2232 42,
338 2193 392 2231 10;
412 2193 588 2226 Ve11.Pat.
607 2193 638 2232 2,
660 2194 710 2233 17,
732 2193 767 2232 1;

99 2237 233 2270 Terent.
252 2238 370 2270 Heaut.
389 2239 421 2279 4,
439 2239 469 2279 4,
491 2238 502 2269 1
517 2250 525 2278 3
546 2249 582 2270 es
600 2239 686 2270 wird
704 2249 769 2280 qua

99 2293 203 2316 verm.
221 2301 266 2306 ——
289 2284 428 2323 tribum,
453 2294 480 2315 s.
499 2283 552 2323 33,
576 2283 630 2324 37,
654 2284 718 2315 wie
737 2284 768 2323 9,

99 2328 160 2369 41,
198 2328 236 2360 15
268 2328 390 2371 plag-a,
430 2328 481 2360 ein
515 2328 659 2368 Canton,
700 2328 768 2369 vgl.

99 2371 197 2405 Kuhn
221 2373 374 2414 Beitriige
399 2374 458 2410 71;
482 2372 689 2414 versassung
711 2374 768 2405 des

100 2429 127 2451 r.
145 2418 265 2450 Reichs
284 2419 314 2458 2,
333 2419 363 2450 7.
381 2437 426 2442 —
443 2418 570 2462 Sapin„
596 2420 679 2450 nach
696 2419 768 2450 dein

99 2463 218 2495 Flusse
247 2463 364 2506 Sapis,
389 2463 416 2505 j.
446 2463 563 2503 Savio,
593 2465 651 2495 der
680 2464 769 2495 nicht

100 2508 181 2540 weit
202 2518 267 2540 von
285 2509 345 2540 den
365 2508 503 2549 Quellcn
524 2509 581 2540 des
599 2508 701 2540 Tiber
717 2519 767 2540 am

101 2552 214 2585 Monte
254 2553 436 2585 Coronario
478 2554 665 2596 entspringt
705 2554 767 2585 und

842 1520 891 1551 sie
914 1520 1017 1551 durch
1039 1520 1097 1551 das
1124 1518 1269 1560 Gebirge
1299 1520 1373 1560 (den
1398 1520 1508 1561 Apen-

841 1566 908 1605 nin)
927 1564 1048 1604 ffihrte,
1066 1565 1214 1606 weniger
1227 1563 1412 1605 gefiihrlich
1424 1574 1508 1602 war,

840 1611 906 1650 vgl.
924 1610 955 1646 9,
980 1610 1033 1649 27,
1052 1610 1086 1641 4;
1108 1613 1310 1653 peraperta
1326 1609 1397 1641 10οα
1412 1627 1456 1633 -
1474 1611 1507 1639 in

839 1655 910 1686 loca
923 1655 1027 1697 plana
1039 1666 1161 1696 agmen
1176 1673 1220 1678 —
1233 1654 1434 1693 demittuutg
1454 1653 1507 1693 34,

840 1700 894 1737 46,
912 1702 946 1737 43
971 1700 1091 1730 anders
1109 1699 1162 1740 33,
1182 1700 1233 1740 37,
1252 1700 1288 1730 2:
1310 1701 1508 1742 peraperta

840 1755 941 1786 eoque
958 1747 1033 1776 tuta
1049 1744 1131 1777 loca.

887 1832 983 1863 7—11.
1020 1832 1146 1871 ;11ut2·l.,
1170 1833 1223 1863 ein
1241 1832 1368 1864 Castell
1389 1842 1429 1864 an
1447 1832 1506 1863 der

839 1877 1116 1918 Siidwestgrenze
1134 1878 1192 1908 der
1212 1877 1318 1917 Boier,
1338 1888 1364 1909 s.
1380 1877 1434 1917 33,
1452 1877 1505 1908 37.

838 1942 882 1945 ——-
898 1925 1043 1964 segetes,
1061 1922 1113 1963 23,
1133 1922 1186 1963 48,
1214 1922 1241 1953 1.
1268 1940 1303 1945 ·—
1317 1922 1506 1965 eoeplorato,

839 1967 893 2005 21,
912 1968 965 2007 25,
984 1968 1014 1999 9.
1032 1985 1077 1991 —
1094 1970 1184 1999 circa
1201 1967 1341 1999 vertritt
1360 1968 1422 1999 den
1441 1967 1506 1998 Ob-

834 2012 1047 2054 jeetsbegriff
1065 2023 1105 2044 eu
1129 2013 1222 2053 (oder
1239 2023 1302 2055 per
1324 2014 1394 2052 ea),
1424 2023 1507 2054 quac

840 2060 931 2090 cz'roa
952 2061 1061 2097 erant,
1085 2069 1111 2089 s.
1132 2058 1161 2098 1,
1186 2057 1239 2097 58,
1263 2058 1300 2096 2;
1327 2058 1380 2096 34,
1402 2057 1456 2097 30,
1477 2057 1507 2089 2.

840 2105 936 2146 operi
950 2103 1022 2135 hier
1037 2104 1094 2134 das
1109 2102 1274 2134 Abmiihen
1288 2103 1347 2134 der
1361 2103 1507 2135 Friichte

841 2149 923 2180 nach
946 2147 966 2190 ξ
987 2149 1036 2187 10,
1066 2148 1174 2187 nicht,
1202 2148 1267 2179 wie
1289 2148 1507 2189 gewiffinlich,

841 2193 1089 2225 Schanzarbeit.
1119 2211 1164 2216 —
1191 2196 1315 2225 armat.
1345 2193 1397 2223 dio
1426 2192 1508 2223 oben

841 2239 1033 2271 erw'ahnten
1056 2239 1230 2270 stationes.
1254 2256 1299 2261 —-
1318 2237 1451 2280 palata,
1480 2248 1506 2268 s.

842 2295 868 2315 c.
898 2284 948 2321 16,
974 2284 1010 2324 33
1036 2283 1089 2323 32,
1114 2283 1144 2322 3,
1171 2283 1209 2321 3;
1234 2282 1286 2322 22,
1312 2283 1365 2322 60,
1389 2282 1442 2314 20.
1462 2300 1507 2306 -

840 2329 992 2365 militari,
1018 2329 1078 2360 der
1100 2328 1269 2369 gemeinen
1287 2327 1456 2367 Soldaten,
1479 2338 1505 2359 s.

842 2374 895 2413 25,
913 2374 967 2414 37,
986 2373 1015 2405 6.
1039 2392 1083 2396 —
1105 2384 1167 2416 per
1190 2373 1282 2413 salt„
1305 2373 1365 2404 der
1382 2372 1506 2404 Consul

841 2420 929 2451 steht
957 2418 1235 2450 wahrscheinlich
1263 2418 1382 2449 weiter
1406 2422 1507 2449 west-

840 2464 918 2496 lich.
942 2482 986 2488 —
1013 2464 1175 2506 Ing-aunis
1192 2462 1249 2501 L.,
1275 2473 1301 2494 s.
1320 2463 1372 2499 23,
1397 2463 1451 2502 46,
1475 2462 1505 2494 9.

841 2528 882 2532 »-
897 2508 982 2540 m'lzil
992 2528 1012 2531 —
1025 2508 1127 2549 allud,
1141 2507 1389 2548 ungewsshnlich
1404 2508 1505 2539 durch

841 2555 936 2585 einen
954 2553 1205 2585 Zwischensatz
1222 2557 1388 2593 getrennt.

1529 250 1548 279 6

1540 1089 1576 1120 11
