1715 2723
135 387 155 419 6

96 1173 154 1213 22

176 107 257 149 124

592 105 717 138 LIBER
740 105 905 139 XXXVI.
929 105 1021 138 CAP.
1045 108 1099 140 21.
1125 108 1178 140 22.

1431 114 1457 132 a.
1476 113 1504 132 u.
1526 106 1588 132 563.

173 233 228 237 —
250 209 548 260 Thespiensium
576 208 797 259 emporium
828 213 898 255 est,
925 208 966 247 in
984 208 1122 248 intimo
1146 209 1235 248 sinu
1255 209 1501 249 Corinthiaco
1522 222 1589 249 re-

175 272 341 305 tractum
363 288 417 292 —
438 265 570 303 Patras
591 265 754 303 Achaiae
774 264 885 315 petit3
915 277 937 304 a
956 265 1079 304 Patris
1099 265 1308 317 Corcyram
1330 278 1455 317 usque
1469 266 1590 305 Aeto-

172 323 243 361 liae
273 328 388 372 atque
408 320 646 360 Acarnaniae
665 321 790 360 littora
808 321 908 372 legit,
929 327 1042 372 atque
1064 321 1115 360 ita
1134 321 1182 360 ad
1198 322 1450 373 Hydruntum
1463 322 1590 361 Italiae

173 378 308 416 traicit.

368 377 503 428 quinto
535 377 595 416 die
623 377 713 416 inde
743 377 913 428 pedestri
941 378 1080 417 itinere
1106 379 1272 417 Romam
1300 378 1446 429 ingenti
1470 390 1590 418 cursu

175 433 362 484 pervenit.
410 440 497 472 ante
522 434 650 472 lucem
679 434 878 485 ingressus
899 434 1037 473 urbem
1061 447 1081 473 a
1101 440 1213 485 porta
1234 435 1281 473 ad
1301 441 1520 485 praetorem
1539 435 1589 474 M.

136 495 153 525 7
173 490 332 529 Iunium
361 490 433 529 iter
458 490 632 529 intendit.
676 490 708 529 is
738 490 862 541 prima
880 490 967 529 luce
986 491 1028 529 in
1048 497 1224 529 senatum
1247 491 1415 537 vocavit,
1446 503 1524 541 quo
1546 491 1591 529 L.

175 546 376 585 Cornelius
406 546 556 597 Scipio,
586 546 732 597 aliquot
759 546 895 585 diebus
925 553 1013 586 ante
1039 559 1059 585 a
1089 547 1248 586 consule
1275 547 1470 594 dimissus,
1497 559 1590 585 cum

173 603 384 642 adveniens
412 602 582 642 audisset
610 615 881 654 praegressum
900 603 1085 642 Catonem
1105 604 1146 642 in
1167 609 1302 642 senatu
1322 616 1417 650 esse,
1447 615 1589 654 super-

135 668 154 700 8
174 659 279 698 venit
299 659 522 710 exponenti,
545 671 643 710 quae
665 665 769 710 gesta
789 666 930 698 essent.
961 660 1039 698 duo
1059 660 1150 698 inde
1170 660 1281 711 legati
1301 660 1412 699 iussu
1431 665 1589 699 senatus

171 716 212 754 in
234 716 457 755 contionem
491 721 583 754 sunt
611 715 801 766 producti,
822 722 935 766 atque
953 715 1006 755 ibi
1026 716 1173 763 eadem,
1196 729 1295 767 quae
1316 717 1357 755 in
1379 721 1526 763 senatu,
1541 715 1590 755 de

133 775 154 807 9
172 772 290 811 rebus
318 773 359 811 in
383 772 528 811 Aetolia
558 772 672 822 gestis
694 778 972 822 exposuerunt.
1018 773 1243 823 supplicatio
1262 773 1303 811 in
1324 773 1497 812 triduum
1518 772 1589 811 de-

174 836 276 867 creta
297 835 354 867 est
375 834 413 867 et
434 835 476 867 ut
487 828 738 879 quadraginta
758 828 894 867 hostiis
917 828 1128 868 maioribus
1149 835 1315 880 praetor,
1351 829 1494 879 quibus
1517 829 1589 867 diis

114 890 154 922 10
173 885 207 923 ei
227 885 432 930 videretur,
455 884 762 923 sacrificaret.—
777 884 853 922 Per
874 885 1034 923 eosdem
1054 885 1134 923 dies
1157 892 1194 923 et
1211 886 1260 924 M.
1283 885 1443 924 Fulvius
1466 884 1590 923 Nobi-

172 941 258 988 lior,
280 941 346 991 qui
364 941 520 979 hiennio
541 946 629 979 ante
651 946 805 991 praetor
824 941 865 979 in
881 940 1107 991 Hispaniam
1128 948 1208 980 erat
1233 942 1445 992 profectus,
1468 953 1590 980 ovans

113 1006 151 1038 11
173 997 311 1036 urbem
339 1003 396 1036 est
422 997 645 1048 ingressus;
674 996 820 1047 argenti
840 996 954 1048 bigati
977 1010 1069 1048 prae
1091 1010 1131 1036 se
1153 997 1238 1036 tulit
1258 1003 1414 1036 eentum
1436 997 1591 1048 triginta

173 1054 274 1092 milia
304 1059 341 1092 et
369 1059 475 1092 extra
506 1059 754 1092 numeratum
785 1053 992 1092 duodecim
1023 1053 1125 1093 milia
1153 1054 1285 1105 pondo
1319 1053 1477 1105 argenti,
1505 1053 1591 1093 auri

172 1110 305 1161 pondo
338 1117 494 1149 centum
522 1109 655 1160 viginti
677 1115 837 1160 septem.

285 1167 428 1205 Acilius
457 1166 595 1204 consul
615 1166 662 1205 ab
686 1166 960 1217 Thermopylis
981 1166 1204 1205 Heracleam
1227 1166 1274 1205 ad
1295 1166 1452 1205 Aetolos
1473 1179 1589 1217 prae-

173 1223 286 1269 misit,
308 1229 351 1262 ut
373 1229 466 1262 tunc
486 1223 631 1269 saltem,
656 1222 803 1273 experti
822 1223 967 1273 regiam
989 1224 1206 1270 vanitatem,
1227 1223 1590 1273 resipiscerenttra-

171 1279 325 1330 (litaque
345 1278 527 1318 Heraclea
558 1279 770 1330 cogitarent
790 1279 838 1317 de
858 1279 1022 1329 petenda
1041 1279 1087 1318 ab
1109 1285 1245 1318 senatu
1271 1292 1341 1319 seu
1362 1279 1505 1318 furoris
1528 1279 1590 1318 sui

170 1408 214 1412 ——
235 1392 360 1426 Patras.
388 1391 441 1428 27,
476 1391 531 1429 29,
565 1389 763 1421 schwerlieh
787 1390 846 1420 hat

170 1435 254 1467 Cato
276 1436 364 1476 jetzt
389 1439 458 1467 erst
485 1435 536 1467 die
561 1435 659 1467 stadt
693 1434 753 1466 auf
786 1435 845 1466 der

171 1481 260 1512 Seite
301 1481 359 1512 dei
400 1480 518 1513 R'dmer
553 1481 719 1521 erhalten,
758 1479 844 1511 Plut.

174 1528 230 1559 12:
258 1523 393 1559 Κάτων
416 1545 459 1548 -
487 1529 703 1577 Πατρεῖς-
729 1536 844 1569 παρε-

171 1568 339 1611 στήσατο.
374 1589 415 1594 —-
452 1574 566 1611 Aetol„
602 1582 645 1602 lm
679 1558 844 1602 k01intl1i-

170 1618 267 1649 sehen
310 1616 522 1656 Meeibusen3
570 1619 748 1654 Acarnan„
802 1617 846 1647 im

170 1662 340 1694 ionischen
392 1662 512 1694 Meere.
569 1680 613 1684 ——
663 1664 843 1702 Hydram„

171 1707 324 1739 Otrauto.
350 1725 394 1729 ——
430 1710 513 1749 mdc,
543 1707 643 1748 local,
676 1718 701 1739 5
736 1718 762 1738 e.
791 1709 846 1749 43,

173 1755 232 1793 12;
264 1752 349 1785 Plut.
381 1756 594 1806 πεμπταῖος
624 1754 673 1791 εἰς
703 1748 845 1795 Ῥώμην

171 1797 243 1832 rinc?
290 1795 479 1840 θαλάσσης
520 1796 706 1877 &smero-5
717 1816 762 1820 -
788 1810 843 1838 pe-

169 1847 261 1876 deswz
283 1848 329 1885 in,
364 1855 404 1876 zu
428 1844 550 1885 Laude,
586 1846 640 1883 37,
710 1846 774 1883 ,2.
801 1862 846 1866 —-

170 1901 265 1922 cursu
289 1905 331 1910 ·-·
357 1896 503 1929 aposta,
538 1890 604 1930 xgl.
638 1892 692 1927 38,
719 1891 772 1930 56,
804 1891 844 1930 93

170 1938 224 1977 45,
247 1938 301 1977 44,
327 1937 365 1975 43
396 1936 451 1976 27,
479 1937 532 1976 51,
559 1936 589 1968 3.
606 1953 651 1958 —
669 1937 713 1966 ad
728 1941 844 1975 praet„

170 1980 203 2011 in
229 1981 343 2012 desse-„1
372 1980 562 2021 §Vohnunffi
601 1980 693 2011 nicht
719 1984 788 2012 erst
812 1980 845 2011 in

171 2025 222 2057 die
253 2025 387 2066 seinige.
415 2043 458 2048 —-—
482 2029 514 2057 2⁷72
540 2037 603 2057 sen.
629 2037 704 2064 voe„
729 2028 759 2063 2,
792 2028 845 2064 55,

171 2073 283 2104 10.·-
309 2074 441 2111 Cornel„
468 2072 525 2102 der
551 2082 578 2103 c.
598 2074 641 2105 45
660 2072 843 2111 erw'ahnte,

169 2116 316 2149 welcher
350 2118 427 2149 sehr
462 2116 528 2147 wol
560 2117 592 2147 in
635 2117 707 2148 dem
740 2117 844 2148 Heere

171 2162 228 2193 des
277 2163 337 2194 den
388 2162 563 2204 Scipionen
607 2160 843 2194 befreundeten

169 2207 308 2246 Acilius,
348 2218 373 2239 5.
413 2209 467 2248 35,
497 2208 551 2247 24,
586 2209 623 2247 53
663 2207 773 2247 Lange
811 2209 841 2245 2,

170 2254 248 2293 404,
277 2253 393 2285 dienen
421 2253 554 2284 konute.
572 2271 615 2275 —
627 2259 768 2292 praetor,
785 2253 842 2284 der

170 2297 383 2341 Stadtpr‘ator
404 2298 452 2330 als
476 2298 654 2330 Vertreter
679 2298 737 2329 der
756 2297 842 2329 Con-

169 2344 254 2385 suln,
282 2355 306 2376 5.
321 2345 376 2385 38,
402 2346 457 2382 44,
481 2345 512 2377 9.
542 2361 584 2366 —-
611 2345 694 2384 quib.
714 2345 787 2381 diis,
816 2354 841 2375 5.

169 2399 195 2420 c.
232 2391 285 2430 37,
320 2393 358 2429 53
391 2392 420 2422 ei
448 2391 574 2423 videret.
613 2389 725 2420 deutet
753 2388 844 2420 nicht

169 2444 221 2474 an,
258 2435 332 2466 dass
368 2445 404 2466 er
436 2434 590 2476 gehalten
617 2443 769 2475 geweseu
795 2434 843 2466 sei

169 2484 238 2510 erst
275 2480 327 2512 cin
364 2480 550 2512 Gutachten
591 2480 649 2511 der
675 2482 843 2519 pontifices

168 2524 374 2565 einzuholen,
408 2526 465 2566 vgl
497 2527 551 2567 37,
569 2526 600 2566 3,
618 2527 656 2565 5;
682 2524 783 2566 Marq.
809 2528 843 2567 4,

915 1392 979 1424 222
994 1404 1002 1431 3
1021 1392 1098 1424 304.

963 1437 1104 1469 10—11.
1123 1447 1184 1475 per
1206 1447 1256 1467 eos
1279 1438 1321 1477 d.‚
1342 1436 1400 1467 das
1421 1435 1514 1477 Folg.
1537 1435 1590 1468 bis

915 1480 936 1523 ξ
973 1484 1010 1515 11
1036 1482 1081 1513 ist
1109 1481 1172 1512 wie
1206 1492 1233 1513 c,
1269 1483 1324 1521 35,
1365 1483 1415 1520 12,
1454 1481 1520 1522 vgl.
1548 1492 1590 1513 zu

914 1537 940 1558 c.
978 1529 1029 1566 19,
1066 1528 1117 1565 12,
1148 1526 1253 1558 einem
1286 1527 1480 1558 Annalisten
1514 1531 1590 1558 ent-

913 1572 1007 1604 lehnt
1042 1573 1109 1603 und
1146 1571 1354 1603 unterbricht
1389 1572 1440 1603 die
1476 1582 1504 1605 e.
1546 1574 1590 1605 22

915 1616 1131 1658 fortgehende
1155 1616 1345 1658 Erz'ahlung
1372 1617 1427 1648 des
1459 1616 1589 1659 Polyb„

913 1674 939 1694 s.
968 1664 1022 1705 35,
1051 1665 1102 1703 14,
1128 1665 1156 1696 5.
1205 1661 1419 1694 Zweifelhaft
1456 1662 1512 1705 ist,
1548 1662 1590 1694 ob

915 1709 998 1740 auch
1035 1706 1056 1749 ξ
1082 1710 1170 1741 6-9
1208 1708 1269 1740 den
1302 1708 1453 1739 Annaleu
1485 1718 1589 1749 ange-

913 1755 1027 1793 hb'ren,
1061 1754 1103 1785 da
1135 1753 1263 1795 Appian
1296 1753 1348 1785 die
1380 1752 1589 1795 supplicatio,

915 1809 1011 1831 wenn
1039 1800 1122 1831 auch
1142 1799 1238 1831 keine
1257 1797 1515 1831 Gesandtsehaft
1534 1809 1588 1831 er-

914 1846 1039 1876 wiihut.
1074 1863 1115 1867 ῆ-
1146 1846 1270 1876 biennio
1305 1846 1359 1885 34,
1392 1847 1446 1882 55,
1480 1846 1509 1877 6.
1544 1863 1589 1868 —-—

914 1892 1019 1932 bigati,
1052 1892 1106 1930 34,
1137 1891 1193 1931 46,
1226 1891 1257 1929 2,
1299 1900 1351 1920 wo
1389 1889 1491 1921 nebeu
1525 1889 1587 1921 den

913 1936 1065 1967 Deuaren
1112 1936 1229 1977 (bz'qati)
1278 1936 1362 1966 auch
1422 1942 1590 1976 arqentum

915 1983 1044 2014 Oseense
1075 1984 1219 2022 genannt
1248 1980 1342 2022 wird,
1375 1980 1520 2012 welches
1553 1981 1587 2012 in

915 2027 971 2058 der
1014 2026 1186 2068 provincia
1227 2026 1386 2065 ulterior,
1427 2035 1485 2057 aus
1529 2026 1590 2057 der

913 2071 1051 2104 Fulvius
1076 2072 1210 2113 kommt,
1234 2082 1259 2103 5.
1287 2073 1341 2111 35,

914 2118 1005 2149 nicht
1038 2116 1201 2158 gefunden
1234 2128 1275 2148 zu
1307 2117 1414 2148 haben
1447 2095 1590 2157 sc’heint,

914 2162 1091 2195 Mommsen
1117 2162 1234 2195 Gesch.
1260 2163 1289 2194 d.
1317 2162 1413 2194 Mzw.
1441 2163 1517 2196 669.
1542 2180 1589 2185 -—

913 2216 1002 2241 extra
1037 2208 1101 2240 wie
1126 2215 1266 2248 μαθων,
1301 2209 1356 2246 37,
1392 2210 1420 2246 7,
1457 2209 1495 2247 23
1532 2209 1589 2249 26,

913 2255 967 2293 34,
1003 2255 1033 2287 3.
1068 2271 1113 2277 —
1150 2260 1320 2292 numerat„
1350 2253 1498 2294 z'zihlbar‚
1532 2262 1588 2293 ge-

911 2300 1042 2341 miinzt3
1067 2310 1126 2330 zur
1152 2298 1257 2331 Sache
1279 2309 1304 2331 5.
1331 2308 1358 2331 c,
1385 2300 1438 2332 39.

960 2363 1137 2402 22-24.
1167 2368 1194 2399 1.
1218 2366 1411 2407 Eroberung
1436 2376 1500 2397 von
1520 2364 1586 2397 He-

912 2412 1033 2443 raclea.
1083 2411 1169 2444 Plut.
1196 2410 1290 2443 Titus
1323 2413 1374 2445 15.

962 2480 1058 2512 1—3.
1083 2486 1168 2518 tunc,
1196 2481 1249 2521 30,
1266 2480 1321 2520 42,
1343 2480 1401 2518 153
1427 2479 1587 2520 geu-{ihu-

911 2524 978 2556 lich
1011 2532 1088 2567 tecm,
1123 2535 1149 2556 c.
1175 2526 1228 2566 30,
1259 2525 1298 2564 ὃς
1324 2525 1378 2566 21,
1403 2526 1457 2563 35,
1485 2528 1515 2558 9.
1543 2543 1589 2548 —

1399 2072 1490 2110 ·22‚
1516 2070 1613 2122 sich,

1713 362 1715 403 l

1708 407 1715 439 -ι
