1715 2723
100 117 126 134 a.
143 109 195 134 Ch.
212 107 271 132 195.
518 96 643 129 LIBER
660 95 822 129 XXXIV.
847 95 941 128 CAP.
959 96 1012 128 32.
1031 96 1084 128 33.

1425 96 1502 135 321

102 203 175 242 mis
196 201 350 252 cepisti.
373 204 411 239 et
432 212 521 238 cum
542 198 718 249 Philippo
738 198 850 236 hoste
872 202 1008 236 nostro
1030 209 1110 235 non
1131 197 1357 236 societatem
1379 197 1506 235 solum

99 259 187 304 sed,
219 258 249 296 si
272 257 344 295 diis
366 257 506 307 placet,
536 255 771 294 adfinitatem
798 253 912 292 etiam
945 266 1014 304 per
1042 253 1240 291 Philoclen
1267 253 1506 304 praefectum

101 315 182 353 eius
203 313 394 365 pepigisti,
418 318 455 350 et
474 312 619 350 bellum
640 310 822 348 adversus
843 321 915 348 nos
935 321 1071 360 gerens
1094 321 1198 347 mare
1221 310 1318 348 circa
1341 309 1506 348 Maleum

101 371 287 409 infestum
310 368 468 407 navibus
489 366 656 418 piraticis
677 365 813 411 fecisti,
836 370 875 404 et
896 366 1025 416 plures
1049 377 1167 415 prope
1190 366 1287 403 cives
1310 366 1506 404 Romanos

101 438 219 477 quam
241 425 441 476 Philippus
462 423 594 474 cepisti
615 427 731 472 atque
752 421 936 467 occidisti,
959 421 1155 470 tutiorque
1176 420 1420 459 Macedoniae
1442 433 1509 460 ora

102 494 218 533 quam
254 480 571 532 promunturium
606 478 747 517 Maleae
782 482 1022 516 commeatus
1050 477 1096 515 ad
1125 477 1315 515 exercitus
1351 483 1506 516 nosnos

100 538 345 589 portantibus
367 536 526 574 navibus
547 534 630 573 fuit.
670 534 831 585 p1oinde
853 546 978 584 palce,
1001 533 1064 578 sis,
1087 533 1203 571 fidem
1221 545 1264 571 ac
1280 533 1363 571 iura
1384 533 1507 571 socie-

100 595 188 632 tatis
219 594 378 638 iactare,
404 597 442 630 et
470 591 613 630 omissa
638 591 816 641 populari
844 590 1019 628 oratione
1041 594 1241 639 tamquam
1262 593 1449 639 tyrannus
1470 593 1509 627 et

100 649 224 688 hostis
247 650 446 699 loquere.“

215 705 295 743 Sub
315 705 409 743 haec
424 703 648 741 Aristaenus
665 713 769 741 nunc
791 713 951 740 monere
966 700 1117 746 Nabim,
1134 712 1237 739 nunc
1253 700 1368 738 etiam
1386 712 1506 746 orare,

100 766 157 807 ut,
179 762 273 800 dum
294 761 436 805 liceret,
459 759 552 797 dum
575 759 724 797 occasio
746 763 860 804 esset,
882 758 953 796 sibi
974 770 1017 796 ac
1038 756 1204 795 fortunis
1228 756 1307 795 suis
1330 757 1509 795 consule-

101 822 181 865 ret,
209 817 350 856 referre
378 816 515 854 deinde
544 814 776 853 nominatim
805 819 990 865 tyrannos
1019 813 1227 851 civitatium
1255 812 1509 851 finitimarum

102 873 242 924 coepit,
265 873 330 924 qui
352 872 526 922 deposito
548 871 712 921 imperio
730 871 985 921 restitutaque
1002 870 1173 908 libertate
1192 869 1271 907 suis
1288 880 1367 907 non
1383 874 1510 907 tutam

102 930 220 968 modo
243 929 309 968 sed
331 929 447 967 etiam
469 929 698 965 honoratam
719 926 820 965 inter
840 927 932 965 civis
960 931 1199 964 senectutem
1228 925 1409 975 egissent.
1451 925 1509 963 his

101 986 213 1024 dictis
242 986 280 1024 in
311 984 432 1023 vicem
461 983 678 1033 auditisque
706 995 782 1021 nox
810 995 929 1034 prope
962 982 1116 1020 diremit
1146 982 1395 1032 colloquium.
1437 994 1509 1032 po-

103 1048 208 1080 stero
231 1041 290 1080 die
312 1041 426 1079 Nabis
447 1039 556 1090 Argis
590 1052 630 1077 se
655 1040 789 1078 cedere
817 1052 859 1078 ac
879 1039 1068 1077 deducere
1085 1038 1332 1088 praesidium,
1356 1037 1510 1088 quando

102 1098 154 1136 ita
183 1097 368 1135 Romanis
389 1097 571 1147 placeret,
602 1100 639 1133 et
667 1095 840 1146 captivos
869 1101 905 1133 et
933 1095 1110 1145 perfugas
1132 1094 1373 1132 redditurum
1396 1094 1508 1132 dixit:

100 1153 203 1191 aliud
229 1153 260 1191 si
283 1152 373 1203 quid
396 1151 648 1202 postularent,
673 1152 860 1201 scriptum
882 1156 924 1189 ut
945 1151 1116 1195 ederent,
1139 1150 1271 1201 petiit,
1302 1156 1344 1188 ut
1365 1150 1510 1187 delibe-

100 1221 185 1248 rare
207 1222 293 1247 cum
317 1208 449 1247 amicis
470 1213 614 1257 posset.
652 1208 703 1246 ita
725 1214 761 1245 et
781 1212 944 1257 tyranno
966 1212 1120 1256 tempus
1142 1207 1273 1244 datum
1291 1206 1337 1244 ad
1354 1206 1510 1244 consul-

101 1266 263 1304 tandum
281 1270 350 1310 est,
372 1269 410 1302 et
426 1263 625 1309 Quinctius
642 1263 839 1301 sociorum
857 1263 971 1301 etiam
990 1262 1226 1313 principibus
1242 1262 1423 1300 adhibitis
1440 1262 1510 1300 ha-

102 1322 186 1360 buit
206 1321 423 1360 consilium.
465 1319 654 1358 maximae
674 1320 792 1370 partis
811 1318 1000 1357 sententia
1023 1323 1103 1357 erat
1124 1318 1455 1369 perseverandum
1471 1319 1511 1357 in

101 1378 201 1416 bello
224 1390 308 1416 esse
329 1382 367 1415 et
387 1376 601 1414 tollendum
623 1381 853 1427 tyrannum:
883 1387 1098 1426 numquam
1126 1375 1236 1413 aliter
1251 1380 1375 1413 tutam
1393 1375 1510 1413 liber-

101 1438 223 1473 tatem
246 1433 424 1471 Graeciae
446 1433 554 1478 foro,
576 1433 693 1471 satius
717 1432 840 1470 multo
861 1432 980 1470 fuisse
1001 1443 1079 1469 non
1102 1431 1246 1469 moveri
1275 1431 1419 1469 bellum
1441 1431 1509 1469 ad-

101 1502 235 1528 versus
271 1502 359 1527 eum
390 1501 507 1539 quam
537 1489 664 1526 omitti
690 1493 864 1534 motum,
901 1492 938 1526 et
973 1488 1100 1538 ipsum
1133 1489 1233 1525 velut
1261 1487 1511 1538 comprobata

101 1546 366 1584 dominatione
388 1544 600 1583 firmiorem
620 1545 798 1583 futurum
815 1549 973 1582 auctore
990 1544 1123 1591 iniusti
1137 1544 1287 1594 imperii
1303 1544 1510 1594 adsumpto

103 1660 141 1697 5;
160 1659 220 1699 42,
241 1658 293 1698 37,
312 1658 348 1692 8:
368 1658 483 1700 Polyb.
507 1658 561 1696 18,
581 1658 632 1689 25.
649 1676 693 1680 —
709 1657 770 1689 ad-

102 1704 245 1746 fi11„32,
265 1704 375 1734 3s.—
393 1703 513 1734 bellum
533 1722 553 1725 —
567 1713 643 1744 ⁰·e7.
649 1704 714 1744 ‚da
733 1713 769 1734 er

105 1749 193 1780 nicht
218 1747 371 1779 siirmlich
390 1746 494 1788 H1ieg
517 1747 651 1788 getiihrt
674 1749 729 1779 hat
749 1763 770 1774 z

104 1794 154 1824 als
170 1793 293 1824 offener
307 1793 426 1832 Feiud,
446 1794 487 1824 du
505 1793 579 1824 hast
597 1793 669 1824 dich
687 1793 770 1824 auch

105 1839 209 1869 durch
234 1839 286 1869 dic
310 1838 395 1869 That
425 1838 474 1869 als
498 1838 769 1878 Bundesgeuosse

104 1882 180 1914 Ph⁷s
206 1883 352 1924 gezeigt·
378 1894 431 1914 um
453 1883 560 1914 dieses
584 1883 770 1914 deutlicher

104 1928 353 1959 auszud1iickeu
389 1938 490 1959 verm.
522 1928 635 1959 Duker
671 1931 702 1958 et
732 1930 770 1958 at

103 1973 224 2003 bellum
243 1978 305 2004 etc.
322 1992 362 1995 —
381 1975 518 2014 tute'otq.
537 1978 614 2009 etc„
632 1972 701 2003 Pol.
719 1972 769 2011 13,

102 2015 142 2047 8:
174 2016 315 2057 (Νάβις)
340 2015 523 2049 ἐκοινώνει
555 2019 632 2052 τοῖς
650 2018 770 2059 Κοησὶ

105 2062 177 2093 τῶν
194 2060 284 2092 κατὰ
303 2058 490 2093 ὶάλατται
508 2063 683 2101 ληστειων
706 2067 769 2093 etc.

104 2124 149 2129 —
162 2108 311 2149 pz',r'.[1tzc
328 2107 395 2147 vgl.
414 2118 442 2138 c.
461 2107 514 2143 36,
534 2108 568 2138 3:
589 2106 771 2148 praedato-

104 2153 179 2183 rtis.
196 2170 239 2174 ——
261 2162 363 2193 parce
387 2152 447 2183 mit
469 2152 540 2183 dem
564 2151 683 2183 Infinit.
712 2152 772 2182 fin-

107 2197 162 2227 det
178 2197 246 2227 sich
263 2198 352 2227 mehr
370 2197 422 2227 bei
440 2197 498 2227 den
515 2195 694 2228 Homikern
708 2197 773 2227 und

107 2241 137 2272 iu
156 2242 214 2271 der
233 2240 553 2283 Uiugaugssprache,
576 2242 695 2273 cbenso
713 2244 772 2282 εἰς,

107 2296 134 2317 s.
150 2286 202 2325 23,
221 2287 275 2323 47,
294 2289 312 2316 6
331 2287 394 2317 uud
413 2288 431 2327 ξ
450 2287 503 2317 14;
521 2287 594 2318 nolo
608 2287 773 2327 pluribus.

106 2348 150 2352 —
164 2331 332 2372 populari,
350 2332 400 2362 als
420 2331 459 2362 ob
478 2332 520 2362 du
538 2332 590 2362 eiu
604 2331 701 2362 Manu
716 2333 772 2363 des

107 2374 232 2407 Volkes
251 2377 349 2413 seist,
368 2377 433 2417 vgl.
454 2376 473 2417 ξ
492 2378 527 2415 4,
546 2377 577 2406 in
595 2377 702 2417 Bezug
719 2375 778 2408 auf

109 2420 214 2458 c.31‚
238 2421 293 2459 14,
320 2421 375 2455 18,
402 2422 610 2462 §gl-1271&
632 2422 667 2459 9,
694 2422 724 2460 2,
743 2421 773 2461 S,

111 2465 146 2501 13
171 2465 229 2495 der
246 2466 432 2505 wichtigste
451 2465 565 2497 Gruud
585 2467 640 2497 des
660 2466 774 2507 Nabis,

109 2508 184 2540 dass
203 2520 238 2540 er
255 2509 320 2542 fast
337 2511 430 2551 alles,
449 2521 517 2542 was
534 2511 705 2552 Quinctius
724 2517 775 2543 ta-

145 2562 202 2587 Tit.
216 2563 281 2587 Liv.
303 2564 367 2589 VH.
389 2565 414 2588 2.
430 2563 505 2588 Auss.

841 1657 925 1693 delt,
945 1658 1045 1688 schon
1062 1658 1181 1697 gethan
1200 1657 1308 1696 hatte,
1333 1657 1382 1688 als
1401 1657 1512 1689 dieser

841 1701 1077 1744 Hiilfstruppen
1097 1713 1160 1733 von
1177 1702 1243 1732 ihm
1260 1703 1415 1741 annahm,
1435 1713 1462 1734 5.
1481 1713 1508 1734 c.

842 1749 894 1786 31,
915 1748 933 1779 8
953 1748 998 1785 Is.y
1016 1748 1060 1778 ist
1079 1747 1166 1778 nicht
1183 1747 1261 1779 bei
1246 1758 1282 1778 11(
1287 1747 1456 1788 ksuhtigt

890 1787 958 1824 33·
986 1792 1058 1823 1—8.
1089 1792 1439 1831 dum-dmn‚s.3l,
1461 1793 1511 1833 15,

842 1838 874 1869 4.
907 1856 950 1860 —
982 1839 1202 1878 normandi-111,
1236 1837 1514 1868 wahrscheinlich

843 1882 911 1922 die,
941 1883 1067 1913 welche
1092 1882 1217 1913 Aratus
1247 1893 1319 1913 zum
1342 1874 1513 1924 Auigeben

843 1928 901 1958 dor
931 1927 1083 1970 tyrannis
1117 1928 1274 1967 bewogen
1303 1927 1417 1966 hatte,
1444 1927 1511 1967 vgl.

843 1972 960 2015 Polyb.
981 1973 1010 2011 2,
1031 1973 1089 2011 44,
1108 1972 1158 2003 60.
1182 1991 1225 1994 -
1248 1983 1318 2003 11οω
1332 1983 1438 2015 prope
1457 1972 1512 2012 ist,

844 2017 907 2048 wie
926 2027 960 2048 es
979 2017 1115 2053 seheint,
1138 2028 1178 2048 zu
1196 2018 1390 2055 vorbinden,
1405 2027 1512 2059 prope

844 2062 1035 2094 attributiv:
1061 2062 1113 2093 dic
1138 2061 1246 2093 Narht
1270 2063 1301 2093 in
1324 2063 1384 2093 der
1407 2062 1513 2102 Natho,

844 2108 903 2138 der
921 2107 1078 2140 Umstand
1102 2108 1177 2139 dass
1195 2108 1246 2139 die
1270 2107 1310 2139 N.
1332 2108 1413 2138 nahe
1431 2117 1512 2147 war,

845 2153 912 2193 vgl.
931 2153 983 2191 32,
1003 2153 1056 2189 28,
1077 2153 1111 2191 73
1132 2152 1184 2190 35,
1204 2153 1256 2189 42,
1279 2153 1306 2183 1.
1321 2170 1365 2175 -
1383 2151 1513 2193 quando

846 2216 866 2220 —
877 2197 974 2240 plac„
990 2198 1058 2238 vgl.
1073 2197 1125 2235 32,
1137 2198 1189 2234 34,
1200 2197 1233 2228 8:
1248 2198 1385 2228 lionoris
1398 2208 1512 2228 causa.

846 2260 891 2266 —-
907 2242 1025 2274 cedere
1041 2262 1061 2265 -
1078 2242 1309 2283 reclclsc'urmn,
1336 2242 1388 2281 32,
1408 2242 1462 2281 35,
1477 2242 1512 2281 9,

847 2287 926 2318 Sall.
946 2287 965 2318 l.
986 2288 1039 2324 62,
1055 2288 1084 2318 3.
1104 2289 1326 2329 -—-pr1'n(·1‘p.,
1356 2288 1439 2317 noch
1456 2297 1515 2318 an-

847 2333 924 2364 dere
948 2333 997 2364 als
1022 2332 1074 2363 die
1092 2343 1118 2363 c.
1140 2332 1198 2367 30,
1219 2334 1232 2361 Τ
1254 2337 1450 2373 gvnannten.
1470 2351 1513 2355 —

845 2388 1029 2419 numquam
1047 2379 1133 2408 steht
1151 2377 1416 2408 mitNachdruck
1434 2388 1514 2409 vor-

846 2433 897 2453 au.
938 2433 1001 2453 7201!
1020 2432 1104 2453 mov.
1129 2427 1209 2460 etc,
1231 2422 1295 2463 vgl.
1317 2424 1352 2459 5,
1372 2423 1402 2461 4,
1420 2422 1452 2453 9.
1471 2440 1514 2445 —

845 2470 983 2499 auctore
1006 2467 1078 2498 ads.
1102 2478 1136 2510 p.
1160 2467 1216 2508 Ιί.,
1239 2468 1308 2507 vgl.
1330 2467 1384 2506 27,
1403 2467 1455 2509 34,
1474 2466 1512 2506 3,

847 2523 919 2544 zum
937 2511 1115 2543 chauken
1137 2511 1189 2551 33,
1210 2513 1262 2552 47,
1285 2513 1305 2544 4
1323 2511 1344 2543 f.

1205 2568 1245 2599 21

1539 202 1576 233 17

1541 314 1578 346 18

1540 426 1579 458 19

1537 539 1579 570 20

1535 702 1586 741 33

1539 822 1557 853 2

1539 933 1557 964 3
