1715 2723
680 64 806 98 LIBER
832 65 1012 99 XXXVII.
1047 65 1139 98 CAP.
1167 69 1218 101 18.
1511 75 1539 94 a.
1559 75 1588 94 u.
1611 67 1681 97 564.

213 174 233 205 6
253 182 337 208 esse
357 169 455 208 intra
477 168 630 206 moenia
652 180 693 206 se
715 168 935 219 recepisset,
966 168 1134 207 obsideri
1156 169 1250 208 urbs
1271 176 1405 222 coepta
1426 176 1493 210 est.
1534 172 1673 224 eodem

252 228 375 264 ferme
406 231 582 274 tempore
613 230 649 263 et
670 224 885 263 Antiochus
906 224 952 263 ab
972 225 1141 275 Apamea
1163 227 1360 276 profectus
1381 227 1567 267 Sardibus
1590 228 1673 279 pri—

254 294 376 327 mum,
407 280 546 318 deinde
577 280 680 319 haud
711 281 849 331 procul
879 281 1028 320 Seleuci
1055 282 1188 320 castris
1218 282 1264 320 ad
1295 289 1410 334 caput
1429 284 1529 323 Caici
1549 285 1674 323 amnis

215 346 232 376 7
253 337 386 376 stativa
406 336 540 375 habuit
559 349 649 375 cum
673 349 814 388 magno
836 337 1007 376 exercitu
1030 338 1149 376 mixto
1170 339 1284 377 variis
1305 351 1351 378 ex
1363 340 1552 391 gentibus.
1582 341 1674 391 plu-

250 394 397 432 rimum
426 393 587 432 terroris
615 393 655 431 in
687 393 885 432 Gallorum
920 395 1098 433 mercede
1128 395 1330 434 conductis
1361 401 1541 446 quattuor
1572 397 1674 435 mili-

250 449 325 488 bus
356 455 446 488 erat.
504 449 577 488 hos
608 450 739 500 paucis
767 450 944 489 admixtis
983 451 1031 489 ad
1067 451 1367 502 pervastandum
1407 453 1552 502 passim
1575 453 1674 492 Per-
1713 466 1715 498 1

213 519 232 550 8
253 518 460 556 gamenum
492 518 628 557 agrum
659 506 820 555 [milites]
852 507 964 545 misit.
1025 519 1124 558 quae
1154 513 1362 558 postquam
1393 509 1553 547 Samum
1584 514 1676 548 sunt
1714 505 1715 516 ¹

251 563 437 609 nuntiata,
467 563 594 613 primo
626 562 821 602 Eumenes
851 569 1033 603 avocatus
1060 564 1272 603 domestico
1303 565 1402 603 hello
1435 577 1525 603 cum
1554 565 1675 604 classe
1714 561 1715 564 '

251 619 404 658 Elaeam
425 619 536 670 petit;
566 619 668 666 inde,
691 631 781 658 cum
802 626 954 669 praesto
977 620 1144 659 fuissent
1162 621 1309 672 equites
1330 621 1583 672 peditumque
1604 634 1674 660 ex-

252 675 391 726 pediti,
421 676 613 726 praesidio
640 688 778 714 eorum
803 681 930 723 tutus,
975 677 1205 728 priusquam
1235 678 1367 716 hostes
1394 678 1581 717 sentirent
1610 683 1676 717 aut

213 749 232 780 9
252 737 516 779 moverentur,
535 732 769 783 Pergamum
791 732 1001 772 contendit.
1038 733 1090 772 ibi
1109 746 1249 773 rursus
1269 734 1365 773 levia
1388 747 1458 785 per
1469 734 1672 773 excursio-

251 800 321 827 nes
343 789 489 839 proelia
510 789 593 827 fieri
617 794 752 838 coepta
771 789 946 827 Eumene
967 802 1143 829 summae
1164 791 1220 829 rei
1241 790 1450 829 discrimen
1471 791 1573 829 haud
1597 790 1673 830 du-

251 844 313 883 bie
344 845 591 883 detractante.
638 856 784 895 paucos
804 850 894 895 post
916 845 996 884 dies
1016 846 1192 885 Romana
1212 847 1441 897 Rhodiaque
1462 847 1605 894 classis,
1632 853 1677 886 ut

192 914 233 947 10
252 901 334 952 regi
365 913 480 952 opem
511 903 670 947 ferrent,
700 901 854 939 Elaeam
881 901 927 939 ab
958 902 1072 940 Samo
1096 908 1299 942 venerunt.
1341 915 1440 953 quos
1460 903 1528 941 ubi
1551 915 1675 954 expo-

253 958 378 996 suisse
405 957 533 1008 copias
555 957 690 996 Elaeae
721 963 757 996 et
783 963 839 996 tot
871 958 1010 997 classes
1040 958 1081 996 in
1110 970 1237 998 unum
1265 959 1495 998 convenisse
1516 964 1674 1010 portum

252 1014 443 1052 Antiocho
467 1014 635 1052 adlatum
657 1019 725 1060 est,
747 1019 783 1052 et
806 1013 878 1053 sub
900 1014 1003 1053 idem
1022 1019 1177 1066 tempus
1197 1015 1341 1055 audivit
1361 1016 1563 1055 consulem
1584 1028 1675 1055 cum

250 1071 420 1109 exercitu
450 1070 527 1108 iam
555 1070 596 1108 in
621 1070 844 1109 Macedonia
874 1083 958 1109 esse
987 1072 1214 1122 pararique,
1256 1084 1354 1122 quae
1386 1072 1432 1110 ad
1466 1072 1672 1111 transitum

192 1127 229 1159 11
252 1127 490 1177 Hellesponti
522 1139 621 1177 opus
652 1133 791 1173 essent,
821 1132 974 1177 tempus
1003 1128 1156 1166 venisse
1177 1134 1295 1175 ratus,
1324 1129 1554 1179 priusquam
1572 1134 1675 1168 terra

251 1184 426 1233 marique
447 1183 562 1222 simul
583 1189 798 1234 urgeretur,
828 1184 965 1234 agendi
988 1184 1035 1222 de
1057 1196 1151 1234 pace
1177 1185 1299 1234 [esse],
1328 1185 1524 1224 tumulum
1547 1197 1674 1236 quen-

192 1240 231 1272 12
251 1240 338 1278 dam
369 1240 555 1278 adversus
577 1240 730 1278 Elaeam
760 1241 891 1278 castris
924 1241 1043 1291 cepit,
1074 1241 1126 1279 ibi
1150 1241 1324 1291 peditum
1346 1241 1528 1280 omnibus
1552 1241 1675 1293 copiis

249 1296 390 1335 relictis
423 1308 512 1335 cum
544 1297 715 1346 equitatu
747 1318 801 1323 ——
831 1302 939 1335 erant
968 1304 1095 1336 autem
1127 1310 1194 1336 sex
1225 1298 1328 1337 milia
1358 1298 1533 1348 equitum
1553 1321 1607 1325 —
1633 1298 1674 1336 in

250 1365 409 1403 campos
441 1352 513 1391 sub
541 1353 624 1403 ipsa
645 1353 780 1391 Elaeae
812 1353 964 1391 moenia
991 1354 1190 1393 descendit
1211 1355 1329 1393 misso
1352 1355 1604 1393 caduceatore
1626 1355 1673 1393 ad

253 1501 287 1531 1:
314 1501 412 1530 altera
428 1504 544 1536 ,Ἰωνία
572 1498 634 1536 41,
664 1500 702 1537 4,
735 1498 773 1537 3,
800 1497 867 1538 vgl.
895 1507 923 1529 c.
995 1500 1025 1531 9.
1050 1516 1095 1520 --
1119 1500 1274 1538 Eumen„
1301 1498 1383 1530 iiber
1406 1498 1457 1530 (lie
1482 1498 1572 1539 Lage
1597 1499 1674 1530 des-

993 1544 1105 1575 selben
1131 1555 1156 1576 s.
1191 1555 1216 1575 c.
1245 1545 1439 1583 53,16.—
1460 1555 1555 1583 pauc.
1578 1553 1611 1582 p.
1642 1547 1672 1576 d.

250 1546 304 1583 24,
334 1546 372 1585 53
402 1544 455 1584 36,
481 1545 512 1585 9,
537 1544 770 1583 9.-Apam.,
797 1544 850 1583 35,
873 1545 924 1584 15,

252 1591 280 1622 1.
308 1606 352 1610 —
372 1591 416 1620 ad
437 1600 462 1622 c.
490 1590 593 1630 Οαίοί,
631 1587 750 1619 iistlich
776 1598 840 1619 von
867 1589 925 1619 der

249 1634 365 1675 Stadt3
397 1634 454 1665 der
482 1633 569 1665 Caic.
596 1633 700 1665 ssiesst
727 1633 819 1664 nicht
843 1633 924 1665 weit

250 1690 314 1711 von
330 1678 508 1720 Pergamus
526 1678 671 1710 vox-iiber
686 1678 840 1710 westlich
859 1689 923 1711 von

249 1724 352 1757 Elaea
381 1724 414 1755 in
440 1725 497 1756 das
521 1724 621 1756 Meer.

297 1771 395 1804 7—8.
421 1772 456 1802 in
476 1771 559 1802 Gan.
573 1788 616 1793 —-
630 1776 708 1811 erat,
733 1769 785 1802 die
803 1769 925 1802 wort-

249 1816 393 1857 stellung
428 1816 521 1847 ware
552 1816 671 1847 hiirter
698 1815 747 1847 als
773 1825 814 1847 an
839 1816 924 1847 'ahu-

248 1862 357 1893 lichen
382 1860 527 1901 Stellen,
566 1861 634 1902 vgl.
661 1863 722 1900 38,
751 1863 792 1903 4,
826 1862 866 1903 83
893 1863 925 1902 4,

250 1908 312 1947 34,
350 1908 388 1947 23
427 1908 490 1948 27,
527 1908 588 1947 36,
615 1908 655 1946 2,
693 1907 759 1938 und
782 1909 817 1938 in
842 1905 927 1938 fehlt

249 1962 364 1984 ausser
387 1952 479 1983 viell.
497 1951 531 1982 in
557 1952 585 1983 d.
611 1951 673 1984 Mz.
700 1952 732 1983 in
761 1952 822 1984 den
843 1951 927 1993 Hss.,

250 1997 531 2029 wahrscheinlich
556 1997 599 2029 ist
628 1997 679 2029 die
705 1997 809 2029 Stelle
835 1997 927 2028 nicht

249 2042 381 2083 richtig.
430 2042 524 2074 Auch
556 2042 598 2073 im
624 2042 717 2083 Folg.
744 2043 789 2074 ist
813 2046 927 2076 milites

248 2088 443 2130 unpassend,
468 2100 499 2119 u.
525 2092 609 2119 statt
627 2091 742 2128 paucis
767 2088 837 2126 (die
854 2088 924 2120 Hss.

248 2134 354 2165 haben
389 2133 487 2165 meist
517 2136 684 2173 admixtos)
721 2134 819 2165 sollte
852 2144 926 2165 man

247 2179 320 2211 eine
336 2188 499 2220 genauere
509 2179 738 2220 Bezeichnung
748 2183 926 2220 erwarteu,

247 2224 339 2256 viell.
365 2226 480 2264 Dahis,
509 2224 577 2266 vgl
602 2235 628 2256 c·
655 2226 708 2264 38,
736 2226 926 2257 3.-—eomi

247 2288 290 2292 ——
325 2272 471 2310 milzbzcs,
513 2270 580 2311 vgl.
619 2271 682 2309 31,
722 2271 762 2310 2,
805 2272 843 2304 9:
890 2281 929 2301 'Lu

248 2316 302 2356 22,
329 2317 383 2355 60,
413 2317 466 2349 20.
488 2318 623 2354 ——peoL
652 2326 735 2357 exp„
761 2316 813 2356 30,
841 2316 872 2355 9,
904 2318 929 2348 1.

245 2379 289 2383 --
307 2364 415 2394 sentir.
436 2361 519 2393 ohne
542 2360 717 2401 Object,·)
698 2384 731 2400 2,
757 2362 811 2400 25,
843 2363 871 2393 l.

292 2408 413 2439 9—12.
440 2410 530 2447 levia,
558 2417 619 2438 nul
635 2406 776 2445 leichte3
796 2416 857 2445 per
875 2418 927 2438 ex-

246 2463 314 2483 cur.
340 2452 403 2483 wie
430 2453 483 2488 32,
512 2454 563 2493 10,
589 2453 620 2491 9,
648 2451 727 2483 aber
752 2462 792 2482 an
820 2462 849 2483 u.
877 2452 924 2483 St.

245 2497 443 2538 attributiv,
479 2499 543 2538 28,
570 2499 630 2538 33,
660 2499 698 2537 6,
728 2496 793 2537 vgl.
823 2507 849 2527 c.
876 2499 926 2538 16,

994 1589 1179 1631 entspricht
1209 1593 1327 1629 pm'mo.
1355 1609 1395 1614 —
1444 1591 1550 1622 audiv.
1587 1600 1671 1621 cons.

993 1639 1067 1686 etc.‚
1091 1644 1235 1675 genaue1
1258 1634 1376 1677 Polyb.
1406 1636 1466 1674 21,
1507 1635 1545 1668 8:
1580 1646 1673 1667 κατα

995 1676 1059 1712 τὸ]
1092 1676 1222 1725 καιρὸν
1255 1683 1389 1713 τοῦτον
1414 1682 1466 1717 εἰς
1488 1676 1553 1722 τὴν
1578 1676 1673 1713 Σά-

993 1735 1083 1771 ,Μῦν
1115 1727 1323 1771 71000'67T50'5
1355 1721 1560 1778 JOOZMLILU‘CTa
1597 1738 1675 1763 tols·

995 1772 1081 1817 περὶ
1107 1768 1171 1804 τὸι
1197 1768 1365 1805 Λεύκιον
1385 1788 1429 1794 —
1448 1767 1551 1826 παρὰ
1571 1774 1673 1804 Λευ-

994 1829 1078 1849 κιου
1119 1819 1184 1850 τοῦ
1218 1813 1284 1858 τὴν
1319 1815 1462 1850 ὕπατον
1494 1827 1613 1870 αρχυν
1638 1816 1673 1849 ἕ-

991 1874 1112 1906 χοντα
1125 1880 1170 1884 -
1184 1862 1368 1904 δηλοῦντα
1393 1874 1458 1899 τας
1477 1860 1572 1908 πρὸς
1588 1874 1675 1899 τοις

994 1907 1187 1945 1121020813
1211 1909 1461 1965 γεγενημένας
1486 1903 1676 1960 συνθήκας

995 1971 1037 1975 -
1059 1955 1121 1985 καὶ
1147 1950 1213 1995 τὴν
1232 1953 1295 1986 ἐπὶ
1318 1965 1384 1986 τοα
1408 1949 1675 1995 Ελλήσποντον

995 2002 1154 2044 ποοείαν
1190 1999 1264 2032 τῶν
1290 1999 1446 2038 πεζικῶν
1472 2000 1675 2043 στρατοπε-

996 2029 1080 2077 dan.
1131 2041 1269 2089 ὁμοίως
1303 2044 1343 2077 δὲ
1380 2046 1442 2077 καὶ
1476 2047 1553 2081 τοῖς
1586 2045 1674 2090 περὶ

996 2089 1063 2122 τὸν
1096 2086 1290 2143 Ἀντίοχον
1313 2108 1357 2112 -—
1392 2092 1507 2122 ταῦτα
1549 2089 1673 2122 διεσα-

997 2138 1104 2180 ᾳεῖτο
1134 2148 1238 2182 παρα
1265 2135 1339 2168 τῶν
1363 2135 1565 2174 Λῖτωλῶν,·
1590 2135 1673 2166 oben

997 2191 1023 2212 c.
1049 2182 1080 2220 9,
1108 2182 1127 2213 6
1152 2167 1238 2212 wi1d
1262 2191 1324 2212 nur
1349 2180 1420 2213 eine
1444 2180 1675 2220 Vermuthung

999 2226 1055 2258 des
1084 2225 1198 2258 Livius
1227 2227 1390 2258 erw'ahnt.
1419 2246 1455 2251 -—
1478 2228 1673 2266 priusquam

998 2289 1043 2294 ——
1060 2279 1194 2314 urqeret.
1215 2272 1275 2303 hat
1294 2271 1329 2304 L.
1356 2270 1587 2312 hinzugefiigt:
1613 2271 1673 2302 da-

997 2317 1057 2348 mit
1081 2327 1119 2348 er
1146 2317 1238 2348 nicht
1262 2321 1331 2349 erst
1351 2335 1395 2339 —
1411 2317 1476 2348 und
1501 2317 1587 2347 danu
1613 2326 1673 2357 ge-

997 2362 1129 2403 no'thigt
1152 2363 1255 2394 ware.
1278 2380 1318 2385 ——
1338 2365 1506 2400 cadmeae„
1536 2363 1590 2400 33,
1621 2363 1674 2401 11,

999 2410 1038 2448 33
1063 2408 1122 2439 der
1146 2408 1273 2449 Begriff
1293 2408 1348 2439 des
1368 2407 1515 2440 Meldens
1544 2406 1589 2438 ist
1613 2407 1674 2438 da-

996 2453 1068 2493 bei,
1107 2453 1170 2485 wie
1207 2452 1254 2484 ost
1278 2453 1346 2497 bei*
1357 2455 1490 2494 ῖεραεοε,
1532 2458 1674 2484 oratores

995 2502 1115 2531 mittere
1140 2499 1219 2530 oder
1245 2499 1316 2530 dem
1342 2497 1515 2530 einfachen
1540 2500 1675 2538 mittere,
