1715 2723
97 163 122 180 a.
140 154 192 180 Ch.
209 153 268 179 196.

515 141 639 174 LIBER
655 141 813 174 XXXIII.
840 141 932 174 CAP.
951 144 1004 174 27.
1023 143 1077 175 28.

1421 146 1503 185 227

95 246 253 298 chyllem
277 244 483 297 quendam,
506 256 623 295 quam
642 243 743 293 quod
759 243 979 294 praefectus
1000 243 1237 284 Boeotorum
1254 247 1355 298 apud
1370 259 1502 298 regem

96 302 344 342 militantium
371 301 526 347 fuisset,
556 301 730 339 fecerunt
755 299 973 349 praeteritis
1001 300 1197 351 Zeuxippo
1233 308 1270 341 et
1301 302 1502 342 Pisistrato
1532 311 1552 342 9

95 358 268 409 aliisque,
293 358 357 408 qui
377 358 574 396 Romanae
596 355 790 394 societatis
811 361 991 394 auctores
1011 356 1177 394 fuerant.
1214 358 1251 396 id
1274 371 1384 409 aegre
1406 364 1444 398 et
1463 360 1504 398 in
1534 366 1573 399 10

92 415 310 466 praesentia
330 414 370 452 hi
391 413 490 464 passi
513 417 550 451 et
579 412 618 450 in
645 412 823 450 futurum
851 412 966 450 etiam
996 419 1145 450 metum
1178 421 1382 464 ceperunt:
1412 428 1502 455 cum

92 471 140 509 ad
160 476 292 521 portas
319 482 439 521 prope
469 468 626 507 sedente
656 468 827 507 exercitu
854 468 1031 507 Romano
1060 482 1103 507 ea
1132 469 1287 515 fierent,
1318 471 1500 521 quidnam

92 539 133 565 se
154 527 330 565 futurum
353 538 435 564 esse
456 524 637 576 profectis
665 524 704 562 in
723 524 871 562 Italiam
893 524 1097 569 Romanis,
1127 525 1305 576 Philippo
1335 539 1380 565 ex
1409 540 1500 577 pro—
1532 534 1571 566 11

90 583 238 634 pinquo
261 583 385 622 socios
407 582 607 620 adiuvante
629 586 668 619 et
688 580 829 619 infesto
852 581 914 626 iis,
945 581 1010 632 qui
1038 581 1158 632 partis
1189 582 1372 621 adversae
1401 584 1500 622 fuis—

90 644 190 678 sent.
237 639 337 677 Dum
366 639 538 677 Romana
561 649 666 675 arma
693 637 732 675 in
759 637 978 688 propinquo
1005 637 1212 684 haberent,
1244 638 1376 677 tollere
1405 639 1501 678 Bra·
1519 640 1573 680 28

90 695 272 746 chyllem,
300 694 515 746 principem
542 694 739 732 fautorum
768 694 887 744 regis,
916 699 1147 732 statuerunt.
1188 699 1226 732 et
1251 699 1427 745 tempore
1453 696 1499 734 ad
1529 703 1548 735 2

89 764 175 790 eam
201 763 286 790 rem
316 756 445 802 capto,
480 763 569 789 cum
597 750 636 788 in
663 750 817 800 publico
846 750 1024 800 epulatus
1050 755 1310 789 reverteretur
1337 751 1500 790 domum

88 807 328 846 temulentus
348 806 675 858 prosequentibus
697 806 877 845 mollibus
899 806 1000 852 viris,
1025 807 1090 858 qui
1106 807 1179 845 ioci
1196 819 1309 846 causa
1326 808 1499 847 convivio

90 864 229 902 celebri
249 864 517 909 interfuerant,
541 863 588 901 ab
609 876 676 901 sex
697 863 867 908 armatis,
891 875 1058 913 quorum
1079 868 1158 901 tres
1174 863 1305 909 Italici,
1327 868 1406 902 tres
1422 864 1498 902 Ae—
1528 873 1547 904 3

89 920 158 958 toli
185 925 312 965 erant,
345 920 631 958 circumventus
660 919 858 957 occiditur.
900 920 988 970 fuga
1017 919 1206 958 comitum
1237 924 1273 957 et
1303 919 1498 970 quiritatio

87 976 187 1015 facta
204 981 242 1015 et
258 976 449 1014 tumultus
466 988 535 1026 per
550 980 672 1013 totam
689 975 826 1014 urbem
845 975 1144 1014 discurrentium
1162 988 1251 1014 cum
1268 976 1498 1024 luminibus,

86 1044 335 1083 percussores
352 1031 528 1083 proxima
544 1036 655 1082 porta
672 1036 887 1070 evaserunt.
919 1032 1003 1070 luce
1024 1032 1148 1082 prima
1166 1032 1296 1071 contio
1313 1033 1498 1083 frequens

87 1088 189 1126 velut
218 1101 264 1126 ex
295 1094 382 1126 ante
411 1087 555 1126 indicto
583 1092 649 1125 aut
675 1101 769 1126 voce
799 1088 1001 1138 praeconis
1030 1093 1238 1127 convocata
1272 1088 1311 1126 in
1346 1089 1496 1128 theatro

1526 1096 1548 1127 4

86 1149 180 1182 erat.
227 1144 354 1194 palam
385 1144 430 1181 ab
459 1156 530 1181 suo
560 1144 747 1181 comitatu
775 1149 812 1181 et
841 1144 1016 1182 obscenis
1050 1144 1122 1182 illis
1156 1144 1244 1182 viris
1279 1144 1500 1183 fremebant
1526 1153 1545 1184 5

86 1199 355 1245 interfectum,
397 1199 536 1238 animis
576 1204 705 1237 autem
742 1199 980 1250 Zeuxippum
1019 1204 1218 1238 auctorem
1256 1200 1498 1239 destinabant

86 1256 223 1295 caedis.
264 1256 303 1294 in
329 1255 545 1307 praesentia
573 1256 716 1307 placuit
745 1256 1022 1306 comprehendi
1043 1268 1130 1301 eos,
1161 1256 1226 1307 qui
1255 1256 1371 1294 simul
1398 1257 1497 1295 fuis—

84 1317 182 1358 sent,
206 1313 550 1363 quaestionemque
571 1325 616 1350 ex
638 1312 697 1350 his
718 1312 862 1350 haberi.
904 1312 970 1363 qui
992 1313 1084 1350 dum
1109 1318 1367 1363 quaeruntur,
1395 1313 1495 1351 Zeu-

86 1369 252 1420 xippus*
289 1374 327 1407 et
354 1368 544 1407 constanti
574 1368 703 1407 animo
730 1368 927 1407 avertendi
963 1368 1009 1407 ab
1040 1382 1081 1407 se
1113 1368 1284 1407 criminis
1321 1382 1434 1408 causa
1455 1369 1496 1407 in

85 1481 265 1523 quendam,
295 1482 405 1513 indess
435 1482 530 1513 stand
560 1492 598 1513 er
628 1491 668 1512 an
693 1481 752 1512 der

84 1526 194 1569 Spitze
212 1528 271 1559 der
287 1528 454 1558 macedon.
471 1526 593 1565 Partei,
611 1537 636 1557 s.
653 1537 679 1557 c.
698 1526 751 1564 28,

85 1572 122 1611 13
141 1571 259 1615 Polyb.
279 1572 330 1611 17,
352 1572 408 1602 1ff.
427 1590 471 1594 —
484 1572 668 1614 praefeci„
685 1571 750 1602 wie

83 1617 114 1648 in
128 1616 210 1648 Rom
228 1617 279 1648 die
296 1617 470 1659 praefecti
483 1619 662 1657 sociorum,
680 1616 748 1656 vgl.

83 1673 124 1693 zu
146 1661 166 1703 ξ
191 1664 220 1693 5.
261 1662 328 1692 Der
353 1662 446 1692 Satz:
471 1662 560 1704 quod
580 1680 601 1684 —
622 1662 750 1702 fuisset

82 1707 127 1738 ist
144 1706 197 1737 bei
214 1706 330 1749 Polyb.
350 1707 415 1738 wol
433 1705 653 1747 ausgefallen,
672 1705 749 1737 Nis-

83 1762 140 1783 sen
162 1752 209 1783 12.
230 1770 274 1774 —
290 1755 458 1791 auctor-ex,
476 1752 541 1792 vgl.
558 1762 584 1782 e.
602 1752 631 1786 2,
646 1751 677 1791 6,
695 1760 747 1782 wo

84 1797 136 1828 ein
162 1798 320 1835 anderer,
343 1797 435 1828 viell.
460 1796 520 1827 auf
532 1796 665 1828 Betrieb
691 1797 750 1827 der

81 1842 157 1873 hier
175 1841 382 1882 Genannten,
401 1843 461 1873 den
479 1842 608 1882 Antrag
626 1841 730 1873 stellt.

131 1887 259 1918 10-11.
286 1887 323 1918 z'd
350 1887 594 1926 vorangestellt
623 1886 687 1917 wie
719 1897 746 1917 c.

84 1931 121 1971 9,
142 1932 197 1963 10:
218 1932 383 1975 phalasar.
408 1951 448 1954 —
475 1933 507 1962 ίη
529 1942 643 1974 praes.
671 1950 689 1953 —
714 1933 746 1962 ίη

82 1977 165 2017 fut„
183 1977 250 2016 vgl.
270 1977 301 2017 S,
319 1979 348 2017 Τ,
368 1976 558 2015 2231ustin.
580 1977 637 2017 14,
659 1977 686 2013 1,
708 1976 746 2007 13

82 2031 114 2052 u.
140 2031 188 2059 a.;
211 2022 279 2061 vgl.
298 2021 334 2052 L.
355 2023 412 2063 30,
440 2022 497 2055 17,
523 2023 552 2052 1.
576 2041 614 2044 —
641 2032 747 2064 prope

83 2066 201 2105 gehb'rt
226 2077 266 2097 zu
289 2067 361 2097 dem
385 2076 510 2107 ganzen
534 2066 674 2106 Begriffe
704 2067 750 2098 ad

79 2114 201 2154 portas
233 2111 361 2142 sedere.
396 2131 437 2134 —
471 2111 629 2152 quidnam
663 2123 747 2147 esse,

82 2155 310 2197 unabh'angige
332 2157 456 2195 Frage,
484 2157 522 2187 da
546 2160 671 2188 ‘metum
696 2168 748 2188 ce-

80 2211 161 2243 pere
186 2201 318 2232 absolut
343 2205 456 2232 stenen
482 2201 584 2241 kann,
608 2202 674 2243 vgl.
695 2202 747 2238 34,

85 2246 143 2281 11,
167 2246 204 2280 6:
230 2246 311 2277 iiber
334 2258 370 2277 se
392 2248 519 2287 futur„
550 2248 608 2285 34,
635 2248 692 2286 24,
717 2248 747 2287 3,

82 2291 149 2331 vgl.
173 2291 232 2330 45,
257 2292 318 2326 39,
338 2293 366 2322 4.
393 2309 437 2314 —
460 2291 640 2322 adiuvante
663 2292 748 2323 wird

83 2335 184 2366 durch
207 2337 368 2378 futurum
396 2337 445 2367 als
469 2337 500 2367 in
525 2337 577 2368 die
602 2336 749 2369 Zukunft

84 2381 248 2421 gehfirend
262 2381 470 2412 bezeichnet:
485 2383 516 2412 si
528 2402 548 2404 ἡ
561 2382 748 2413 (alinum-et.

129 2419 199 2457 ΞΒ.
220 2427 303 2458 1-5.
331 2426 409 2458 dum
435 2432 498 2458 etc.
519 2427 601 2458 ohne
625 2429 748 2468 itaque.

85 2487 121 2492 —
143 2472 176 2501 in
192 2471 283 2513 publ.
303 2472 407 2514 epul„
426 2472 531 2503 einem
549 2471 608 2503 auf
623 2472 751 2503 Staats-

67 2513 203 2549 *kosten
221 2517 493 2548 veranstaltetem
513 2517 621 2548 Mahle
641 2517 750 2558 beige-

84 2561 195 2591 wohnt
208 2561 565 2593 habe—temulentus
580 2567 656 2601 etc,
670 2562 751 2594 iiber

824 1481 876 1512 die
893 1480 1163 1523 Sittenlosigkeit
1180 1482 1239 1513 der
1256 1481 1378 1513 Booter
1394 1492 1421 1515 s.
1442 1482 1493 1524 36,

824 1525 860 1565 6,
881 1527 916 1565 2;
936 1526 1053 1570 Polyb.
1075 1528 1132 1567 20,
1150 1527 1187 1567 4,
1207 1526 1244 1566 6,
1263 1527 1443 1559 Mommsen
1466 1528 1493 1567 1,

825 1571 899 1602 699.
931 1590 976 1594 —
1005 1573 1070 1603 ioci
1091 1582 1182 1603 caus.
1207 1572 1299 1603 viell.
1324 1573 1406 1603 nach
1430 1572 1491 1604 Ov.

823 1615 915 1647 Fast.
933 1617 970 1653 4,
989 1616 1054 1648 868
1078 1628 1118 1647 zu
1141 1617 1307 1648 erkl'aren.
1332 1635 1375 1640 ——
1398 1618 1491 1659 faga

822 1661 862 1702 fit
880 1666 956 1696 etc..
980 1662 1048 1702 vgl.
1072 1662 1105 1702 1,
1124 1662 1185 1701 48,
1205 1662 1234 1692 4.
1253 1680 1296 1684 —
1315 1664 1489 1703 quiritatio

823 1706 952 1736 scheint
976 1707 1048 1737 sich
1070 1711 1163 1737 sonst
1188 1706 1277 1737 nicht
1302 1718 1342 1737 zu
1364 1707 1488 1747 finden3

822 1752 1008 1791 quiritatus
1031 1752 1171 1782 branc-ht
1194 1750 1277 1782 Plin.
1302 1751 1360 1793 Ep.
1381 1752 1415 1792 6,
1434 1752 1488 1792 20,

824 1796 863 1827 14
880 1796 945 1827 und
963 1796 1037 1828 Val.
1052 1796 1236 1831 Maximus;
1257 1796 1292 1827 L.
1313 1798 1370 1828 das
1385 1797 1487 1829 Verb.

821 1843 997 1882 quiritur-e,
1017 1852 1043 1873 s.
1061 1842 1112 1883 39,
1128 1843 1158 1881 ὅ,
1174 1841 1211 1873 8:
1230 1842 1273 1872 ib.
1293 1842 1341 1883 10,
1358 1842 1388 1881 7,
1405 1843 1487 1873 auch

820 1896 885 1916 von
910 1885 1142 1918 Nichtro'mern
1165 1887 1228 1917 wie
1252 1887 1312 1926 40,
1331 1890 1366 1926 9,
1387 1887 1422 1926 73
1447 1898 1488 1918 zu

819 1931 917 1972 faeta
934 1932 1002 1971 vgl.
1023 1932 1052 1973 8,
1071 1932 1101 1969 9,
1124 1931 1172 1962 12.
1191 1950 1235 1954 —
1248 1934 1366 1973 porta,
1386 1942 1411 1963 c.
1433 1931 1487 1972 26,

821 1977 857 2015 9;
882 1987 922 2007 zu
947 1976 1005 2015 21,
1025 1976 1084 2016 33,
1103 1977 1133 2007 5.
1157 1994 1201 1998 —
1223 1976 1312 2008 velut
1334 1987 1380 2007 em
1402 1987 1432 2007 α,
1453 1978 1487 2015 22,

820 2022 886 2061 vgl.
913 2032 940 2053 c.
968 2022 1002 2063 6,
1028 2021 1060 2052 8.
1084 2040 1124 2043 ——
1150 2023 1211 2052 aut
1234 2031 1261 2052 v.
1283 2032 1348 2063 pr„
1372 2022 1437 2052 wie
1454 2022 1487 2052 in

820 2065 902 2097 Rom
925 2067 976 2098 die
995 2066 1392 2107 Volksvcrsammlungen
1416 2072 1488 2098 ent-

821 2112 933 2143 weder
946 2112 1048 2142 durch
1063 2111 1226 2142 einEdikt
1241 2116 1401 2152 angesagt
1410 2112 1491 2142 oder

821 2157 924 2188 durch
939 2157 1033 2188 einen
1052 2167 1173 2198 praeco
1191 2157 1327 2188 berulen
1341 2156 1491 2195 wurden,

822 2213 846 2233 s.
867 2201 955 2234 Gell.
976 2202 1032 2243 15,
1052 2201 1351 2243 27,Ma12q.‘2,3.
1371 2202 1428 2237 553
1447 2200 1489 2232 89

822 2258 853 2278 n.
873 2247 936 2278 339
947 2246 968 2277 f.
986 2265 1030 2269 —
1046 2248 1078 2278 in
1104 2248 1220 2280 theat..
1245 2247 1302 2279 24.
1322 2246 1379 2286 39,
1401 2246 1429 2276 1.
1446 2264 1491 2268 —

822 2293 908 2323 obse.
933 2293 999 2323 viri
1020 2292 1083 2323 wie
1109 2292 1126 2333 ξ
1147 2293 1184 2331 2;
1210 2291 1289 2322 Sall.
1310 2290 1332 2321 I.
1353 2292 1413 2327 s5,
1431 2290 1490 2322 42:

821 2339 1018 2379 turpissimi
1045 2338 1119 2377 υίνί,
1150 2337 1238 2368 nicht
1267 2337 1427 2367 homines.
1447 2354 1491 2358 —

821 2382 997 2421 (Iesfinab.⁷
1015 2383 1081 2422 vgl.
1101 2383 1131 2414 9.
1150 2382 1207 2422 24,
1230 2382 1284 2413 14;
1304 2381 1356 2419 28,
1380 2381 1435 2420 14,
1454 2379 1490 2411 9;

822 2430 932 2470 opinio
950 2427 1130 2458 destinata.

869 2473 954 2503 6-8.
981 2472 1083 2503 simul
1108 2473 1151 2513 fi,
1182 2471 1239 2501 mit
1268 2470 1331 2501 ihm
1361 2480 1489 2501 zusam-

823 2527 907 2557 men,
927 2518 1021 2548 dabei
1039 2528 1069 2547 u,
1086 2527 1111 2547 s.
1127 2526 1168 2546 w.
1187 2535 1232 2538 —
1248 2518 1281 2546 et
1298 2518 1417 2556 (πυκά,
1433 2515 1489 2546 da-

823 2573 886 2593 vor
937 2562 1065 2593 scheint
1110 2566 1215 2592 etwas
1264 2559 1490 2601 ausgefallen3

1159 2616 1221 2647 15*

1526 1265 1546 1296 6

1525 1320 1544 1351 7
