1715 2723
244 119 323 158 340

665 116 791 149 LIBER
806 117 969 152 XXXIV.
994 117 1086 150 CAP.
1105 118 1159 151 47.
1177 118 1231 151 48.

1498 134 1524 151 11.
1541 135 1567 151 11.
1583 128 1648 155 560.

241 221 289 259 ad
310 219 494 259 tuendam
516 219 777 270 quaestoriam
798 225 971 271 portam,
993 225 1032 259 et
1052 233 1132 268 eos,
1154 220 1222 272 qui
1241 220 1341 260 intra
1360 222 1501 261 vallum
1523 227 1645 270 erant,

242 275 381 328 partim
403 275 553 322 occidit,
576 275 718 327 partim
738 276 884 328 expulit
903 277 1060 322 eastris,
1094 282 1132 316 et
1158 277 1462 328 irrumpentibus
1485 278 1644 318 obstitit.

194 340 214 370 4
242 331 380 370 eodem
400 332 481 371 fere
500 337 674 384 tempore
696 337 733 371 et
754 339 890 384 quarta
917 333 1013 385 legio
1043 346 1131 372 eum
1160 333 1308 372 duabus
1335 335 1646 375 extraordinariis

243 388 465 427 cohortibus
487 394 599 440 porta
620 389 759 440 erupit.
796 389 848 429 ita
869 390 985 429 simul
1004 389 1075 429 tria
1103 389 1248 442 proelia
1276 390 1373 430 circa
1401 396 1524 430 eastra
1551 391 1646 430 locis

242 445 474 484 distantibus
495 449 617 489 erant,
640 445 903 497 clamoresque
924 447 1068 486 dissoni
1088 446 1133 485 ad
1154 446 1321 485 incertos
1346 459 1506 486 suorum
1529 459 1646 487 even-

194 507 212 537 5
242 508 305 540 tus
326 515 346 541 a
368 502 561 552 praesenti
582 502 790 541 certamine
807 502 957 542 animos
973 503 1228 555 pugnantium
1250 504 1483 542 avertebant.
1523 516 1648 555 usque

241 558 290 596 ad
310 558 512 597 meridiem
533 558 664 609 aequis
686 559 829 598 viribus
850 572 893 599 ac
914 572 1035 610 prope
1056 559 1138 611 pari
1159 572 1226 610 spe
1242 566 1455 611 pugnatum
1478 564 1549 598 est.
1591 561 1647 599 la-

242 614 312 653 bor
332 619 369 653 et
389 620 518 653 aestus
540 615 669 654 mollia
690 620 727 653 et
757 615 874 654 fluida
903 627 1064 667 corpora
1093 616 1289 655 Gallorum
1318 622 1356 655 et
1387 616 1548 655 minime
1578 628 1649 667 pa-

241 670 374 710 tientia
413 671 494 710 sitis
516 684 606 710 cum
636 671 819 711 decedere
841 684 967 723 pugna
995 672 1199 724 coegisset,
1229 672 1269 711 in
1297 685 1440 724 paucos
1466 672 1648 711 restantis

241 728 430 778 impetum
452 727 619 766 Romani
639 728 833 774 fecerunt,
857 728 1044 779 fusosque
1067 729 1337 780 compulerunt
1356 729 1396 768 in
1417 734 1553 768 castra.
1594 729 1647 768 si-

192 794 212 826 6
246 796 365 835 gnum
379 784 465 822 inde
477 784 646 834 receptui
660 784 706 822 ab
720 784 878 822 consule
890 785 1020 823 datum
1036 789 1112 832 est3
1127 785 1174 824 ad
1187 785 1290 836 quod
1307 798 1395 837 pars
1407 786 1529 824 maior
1541 797 1648 824 rece-

240 844 381 891 perunt
396 852 492 885 sese,
511 851 600 890 pars
615 840 836 878 certaminis
850 840 978 878 studio
995 845 1034 879 et
1049 853 1116 891 spe
1133 841 1309 891 potiundi
1326 841 1459 880 castris
1476 841 1649 879 hostium

193 911 210 941 7
240 896 408 947 perstitit
430 896 476 934 ad
498 896 652 934 vallum.
694 908 830 935 eorum
848 896 1039 947 paucitate
1060 901 1285 948 contempta
1307 897 1402 936 Galli
1418 897 1586 936 universi
1602 910 1649 936 ex

241 953 375 991 castris
397 958 632 1003 eruperunt·,
653 952 728 991 fusi
749 953 836 991 inde
858 953 1043 999 Romani,
1075 965 1172 1003 quae
1194 953 1357 1004 imperio
1380 953 1547 993 consulis
1575 965 1647 992 no-

241 1009 403 1054 luerant,
426 1021 497 1047 suo
519 1020 658 1060 pavore
679 1022 722 1048 ac
742 1013 890 1048 terrore
911 1014 1035 1048 castra
1054 1014 1247 1061 repetunt.
1289 1010 1340 1048 ita
1357 1009 1458 1049 varia
1478 1010 1570 1049 hinc
1589 1014 1648 1049 at-

193 1075 211 1106 8
242 1078 317 1116 que
337 1065 441 1104 illinc
461 1077 566 1103 1111110
584 1065 694 1116 fuga,
717 1077 822 1105 nunc
842 1066 1000 1104 victoria
1020 1066 1113 1113 fuit,
1136 1066 1332 1105 Gallorum
1353 1071 1484 1105 tamen
1505 1066 1551 1105 ad
1573 1078 1649 1104 un—
1714 1115 1715 1118 Ἴ

242 1121 367 1161 decim
387 1121 502 1167 milia,
525 1122 794 1160 Romanorum
818 1122 988 1173 quinque
1009 1122 1113 1161 milia
1133 1127 1225 1161 sunt
1246 1123 1382 1161 occisa.
1425 1122 1520 1161 Galli
1540 1135 1649 1162 rece-
1714 1125 1715 1133 ¹

241 1191 332 1230 pere
353 1178 395 1217 in
430 1177 564 1217 intima
593 1178 728 1217 finium
755 1191 863 1226 sese3
899 1179 1035 1217 consul
1063 1178 1300 1218 Placentiam
1329 1178 1498 1230 legiones
1528 1178 1648 1217 duxit.

165 1240 220 1280 48
246 1234 467 1286 Scipionem
489 1234 551 1272 alii
573 1235 779 1273 coniuncto
802 1235 973 1274 exercitu
1004 1247 1093 1274 cum
1122 1235 1264 1286 collega
1291 1248 1360 1286 per
1379 1236 1564 1274 Boiorum
1585 1234 1649 1273 Li·
1711 1270 1712 1273 ,

243 1303 461 1342 gurumque
482 1303 593 1342 agros
614 1292 865 1343 populantem
882 1292 969 1338 isse,
992 1291 1117 1343 quoad
1139 1292 1319 1343 progredi
1339 1291 1453 1330 silvae
1469 1291 1649 1342 paludes-

246 1425 309 1446 von
333 1414 369 1455 je
387 1413 451 1445 420
469 1413 525 1453 Μ.,
554 1424 581 1445 s.
607 1414 660 1454 27,
695 1414 744 1454 12,
776 1415 827 1455 14,
857 1414 909 1446 bei

245 1459 328 1491 zwei
357 1458 539 1499 Legionen,
567 1458 673 1501 Marq.
704 1460 734 1498 3,
764 1459 794 1499 2,
824 1459 908 1498 3043

245 1505 327 1544 307,
350 1504 475 1536 welche
499 1504 530 1535 iu
555 1505 627 1535 dem
651 1503 822 1535 einfachen
845 1504 910 1536 La-

243 1558 303 1590 ger
332 1550 414 1580 nahe
443 1549 496 1581 bei
524 1550 582 1580 der
610 1554 707 1591 porta
738 1549 909 1590 praetoria

242 1594 315 1626 ihre
339 1594 434 1625 Zelte
455 1595 581 1632 hatten,
611 1605 636 1625 s.
655 1595 710 1633 40,
733 1595 786 1634 27,
811 1594 841 1626 3.
867 1613 909 1617 —-

242 1650 317 1671 cum
341 1639 452 1679 duab„
475 1639 532 1671 das
550 1638 641 1671 Thor
664 1639 708 1670 ist
726 1639 796 1671 also
815 1639 909 1671 stark

243 1685 386 1725 besetzt,
403 1684 550 1726 weniger
566 1685 617 1716 die
634 1684 763 1724 beiden,
787 1694 838 1715 wo
857 1685 910 1716 die

244 1729 328 1762 socii
346 1731 472 1761 stehen.
496 1748 540 1753 —-
563 1732 665 1769 circa,
683 1740 723 1760 an
741 1730 911 1762 verschie-

243 1775 348 1807 denen
371 1774 484 1806 Seiten
511 1775 568 1807 des
591 1775 730 1816 Lagers.
768 1774 815 1807 ad
835 1777 911 1817 ine„

245 1821 312 1860 vgl.
331 1819 385 1860 22,
403 1821 433 1859 5,
451 1821 484 1851 4.

290 1865 378 1897 5-8.
417 1865 512 1897 labor
539 1867 572 1896 et
595 1867 693 1904 aest„
721 1866 788 1906 vgl.
814 1876 854 1896 zu
879 1866 910 1907 5,

244 1909 298 1949 48,
322 1909 360 1949 33
385 1910 438 1947 22,
462 1910 492 1951 2,
516 1910 553 1949 4,
577 1910 629 1951 33,
653 1910 706 1949 36,
725 1910 759 1950 83
784 1909 910 1950 38,17,

246 1955 274 1985 7.
293 1972 337 1977 -—
353 1954 472 1996 fluida,
498 1954 549 1986 die
568 1954 675 1986 Bamb.
695 1955 750 1986 Hs.
771 1955 910 1997 fluvida,

245 2010 272 2031 s.
301 1998 380 2031 Tac.
399 1999 438 2030 H.
469 2000 499 2038 3,
528 2000 587 2036 273
619 2000 754 2032 Lucret.
784 2000 814 2039 2,
843 2001 908 2032 464

245 2056 275 2076 11.
295 2055 343 2083 11.,
367 2045 449 2076 iiber
464 2045 572 2087 flucre
596 2056 621 2076 s,
644 2045 695 2085 10,
719 2045 773 2085 28,
797 2044 847 2077 2f.
865 2063 910 2069 —

245 2089 417 2133 deced.p.‚
441 2089 508 2129 vgl.
525 2089 643 2121 lustin.
664 2090 715 2129 18,
742 2091 769 2129 1,
794 2090 831 2121 6:
857 2101 910 2122 ce-

244 2134 324 2167 dere
338 2134 483 2177 proelio,
505 2134 572 2175 vgl.
591 2135 645 2171 40,
659 2135 713 2174 58,
735 2135 766 2166 1:
785 2137 837 2166 υἰα
854 2134 911 2166 de-

245 2179 379 2219 cedere3
407 2179 565 2212 decedere
593 2179 676 2221 fide,
705 2179 736 2219 3,
765 2180 818 2218 33,
852 2180 909 2211 1οε

245 2224 406 2257 decedere
426 2227 501 2256 iure
523 2234 601 2264 szco;
624 2224 829 2265 gewo'hnlich
849 2235 911 2256 eoe-

245 2270 363 2302 cedere
388 2270 527 2314 proelio.
555 2288 600 2293 —
626 2272 782 2310 restant„
807 2270 838 2310 4,
857 2270 910 2312 58,

247 2317 268 2346 4
290 2326 321 2347 11.
348 2325 377 2346 11.
408 2334 451 2338 -
480 2325 587 2357 recep.
615 2333 638 2338 -
662 2316 825 2357 perstitit,
851 2315 910 2347 der

248 2359 408 2392 Weehsel
429 2360 486 2392 des
508 2359 673 2392 Numerus
697 2360 759 2391 wie
779 2360 831 2401 24,
854 2360 909 2399 21,

248 2405 286 2443 83
316 2406 348 2445 4,
378 2405 431 2445 27,
461 2406 496 2445 73
524 2405 568 2436 ib.
594 2405 645 2444 16,
674 2405 704 2436 8.
738 2406 865 2437 creavit
887 2424 909 2427 —

247 2453 380 2489 creant,
412 2450 476 2490 vgl.
505 2460 532 2481 0.
560 2450 596 2488 8,
629 2450 715 2481 1-2.
743 2468 788 2473 —
815 2460 910 2491 quae,

246 2495 318 2526 eine
337 2495 459 2526 andere
476 2494 597 2527 Lesart
614 2495 659 2527 ist
675 2496 743 2537 qai,
759 2505 785 2526 s.
806 2495 860 2534 21,
878 2495 909 2534 2,

250 2542 287 2580 23
305 2540 394 2572 viell.
412 2543 445 2572 et
460 2542 526 2582 qui.
550 2559 592 2564 -—
614 2541 689 2573 ltine
705 2559 726 2564 -
741 2540 824 2583 fuit,
840 2540 908 2581 vgl.

983 1415 1037 1452 21,
1062 1414 1114 1454 52,
1141 1414 1192 1445 11.
1210 1432 1254 1438 ·—
1270 1416 1395 1453 tamen,
1419 1412 1569 1454 obgleich
1591 1413 1650 1445 der

982 1457 1101 1500 Erfolg
1122 1459 1166 1490 im
1185 1457 1319 1490 Ganzen
1338 1459 1445 1500 gleich
1469 1468 1551 1489 war.
1590 1457 1650 1489 Die

983 1503 1217 1536 Unsicherheit
1233 1505 1290 1535 des
1309 1514 1345 1535 so
1364 1503 1571 1535 detaillirtcn
1588 1503 1649 1534 Be—

982 1549 1120 1588 richtes,
1139 1560 1166 1580 S.
1186 1549 1238 1588 33,
1257 1549 1310 1588 36,
1331 1548 1383 1588 12,

981 1593 1076 1633 Folg.
1094 1594 1228 1625 hervor.

1028 1632 1168 1671 48.1.
1207 1639 1320 1670 Boz‘or.
1349 1637 1438 1680 Ligu,
1472 1638 1542 1669 also
1576 1638 1648 1669 eine

982 1694 1065 1725 ganz
1083 1684 1204 1716 andere
1222 1683 1428 1724 Erziihlung3
1447 1683 1530 1714 doch
1547 1682 1648 1715 findet

983 1729 1053 1760 sich
1065 1728 1298 1771 Ligurumque
1312 1739 1374 1760 nur
1387 1729 1418 1760 in
1430 1729 1489 1760 der
1498 1728 1649 1760 Mainzer

1405 1549 1484 1589 geht
1500 1559 1560 1580 aus
1577 1548 1649 1580 dem

982 1773 1041 1806 Hs.
1070 1775 1135 1806 und
1167 1774 1309 1817 paludes
1341 1773 1470 1805 scheint
1501 1773 1649 1815 weniger
1701 1800 1703 1803 ,

984 1818 1044 1851 auf
1064 1821 1121 1851 das
1145 1819 1235 1851 Laud
1260 1820 1319 1851 der
1340 1818 1484 1860 Ligurer
1505 1829 1546 1850 zu
1573 1828 1649 1861 pas-

982 1874 1058 1903 sen3
1087 1865 1211 1896 wieder
1240 1864 1456 1896 verschieden
1485 1863 1650 1895 berichtet

983 1909 1116 1941 Cornel.
1146 1909 1228 1941 Cato
1259 1910 1292 1940 2:

982 1965 1056 1986 cum
1086 1954 1216 1986 diutius
1239 1954 1346 1993 (Cato)
1370 1955 1583 1994 moraretur,
1607 1954 1647 1985 P.

982 1999 1093 2042 Scipio
1117 1999 1234 2031 consul
1253 2001 1379 2031 iterum
1401 2018 1423 2021 -
1444 1998 1547 2030 voluit
1571 2009 1647 2030 eam

983 2045 1023 2077 de
1052 2046 1226 2087 provincia
1257 2043 1421 2088 depellere
1453 2046 1485 2075 et
1516 2045 1587 2086 ipse
1617 2045 1651 2075 ei

982 2089 1161 2122 succedere
1188 2101 1293 2129 neque
1320 2090 1380 2120 hoc
1401 2099 1465 2132 per
1491 2091 1648 2120 senatum

981 2135 1123 2177 efficere
1137 2136 1261 2178 poluit.
1279 2152 1323 2157 ——
1339 2144 1403 2176 qua
1417 2144 1453 2165 re
1466 2135 1577 2165 iratus
1594 2145 1646 2165 se-

981 2183 1064 2212 natu
1090 2180 1266 2212 consulatu
1287 2182 1425 2222 peracto
1439 2180 1597 2222 privatus
1612 2180 1647 2210 in

981 2226 1220 2263 211bemansz'b;
1241 2225 1322 2256 1111011
1339 2224 1425 2256 Plut.
1444 2223 1514 2255 Cat.
1537 2224 1573 2255 11
1593 2233 1647 2255 er-

981 2270 1051 2302 h‘alt
1081 2270 1189 2324 Scipio
1219 2270 1361 2312 Spanien
1395 2280 1455 2301 zur
1483 2268 1645 2300 Provinz·

983 2313 1025 2347 οὐ
1043 2314 1118 2359 μὴν
1145 2313 1233 2347 ἀλλὰ
1258 2316 1320 2356 τῆς
1344 2311 1549 2367 σιγκλήτου
1579 2319 1648 2354 ψη-

982 2361 1190 2403 φισαμένης
1210 2359 1329 2402 μηδὲν
1346 2356 1536 2390 &mitram
1532 2356 1647 2411 μηδὲ

982 2407 1097 2438 κυεῖν
1119 2406 1193 2437 τῶν
1212 2404 1450 2456 διΗυκηιιειων
1472 2400 1546 2434 ὑπὸ
1568 2400 1647 2435 Κά-

982 2460 1096 2486 11101ος
1122 2448 1142 2491 ἡ
1167 2447 1260 2502 ἀηχὴ
1282 2468 1305 2472 -
1328 2448 1367 2481 ἐν
1394 2445 1558 2491 ἀπραξίᾳ
1587 2448 1647 2480 καὶ
1688 2471 1689 2476 1

983 2495 1098 2540 σχολῇ
1125 2492 1246 2538 μα’ῐην
1268 2493 1416 2535 davil-376
1442 2504 1470 2525 s.
1487 2503 1573 2526 zue.
1591 2492 1647 2534 43,

1032 2559 1073 2564 -
1088 2550 1166 2585 pop.
1184 2542 1263 2581 isse,
1279 2550 1318 2571 zu
1336 2538 1532 2582 28,46,14.

1326 1910 1374 1940 ibi
1399 1910 1446 1947 (in
1474 1908 1648 1951 Hispania)
1699 1939 1700 1942 ,
