1715 2723
211 124 236 165 8
671 120 796 153 LIBER
820 121 967 154 XXXV.
1002 120 1094 153 CAP.
1119 123 1151 155 6.
1471 128 1497 146 ³1·
1520 128 1548 147 ¹1·
1569 120 1628 147 561.

165 230 191 268 6
326 225 474 264 Eodem
496 226 576 262 fere
598 229 773 274 tempore
795 223 967 262 duorum
990 223 1198 261 consulum
1216 223 1360 262 litterae
1376 225 1504 263 allatae
1526 230 1628 271 sunt,

210 282 252 320 L.
277 281 430 320 Corneli
462 281 508 318 de
539 280 687 331 proelio
719 280 765 318 ad
786 280 973 318 Mutinam
1002 292 1091 318 cum
1115 279 1205 318 Bois
1236 281 1335 318 facto
1368 286 1404 319 et
1422 281 1467 328 Q.
1486 281 1630 320 Minuci

171 346 191 377 2
211 351 231 376 a
251 338 367 376 Pisis:
401 337 552 375 comitia
578 349 668 375 51136
698 336 812 374 501115
843 348 947 382 6556;
981 341 1152 374 ceterum
1174 335 1268 374 adeo
1293 348 1481 387 suspensa
1502 337 1631 376 omnia

211 394 251 432 in
273 393 480 444 Liguribus
512 406 552 431 se
578 392 732 439 habere,
764 398 808 431 ut
834 392 988 431 abscedi
1016 392 1105 430 inde
1133 392 1215 430 51116
1244 393 1414 442 pernicie
1432 393 1631 432 sociorum

173 459 191 489 3
212 456 248 488 et
268 449 411 488 damno
434 450 488 487 rei
510 449 684 500 publicae
705 461 785 487 non
807 454 949 499 posset.
996 449 1027 486 si
1046 449 1095 486 ita
1115 448 1311 487 videretur
1331 449 1516 499 patribus,
1540 450 1631 488 mit-

210 511 335 544 terent
356 506 401 544 ad
427 506 621 556 collegam,
651 511 691 544 ut
713 506 756 552 is,
780 504 846 555 qui
867 505 1113 555 profligatum
1137 504 1280 542 bellum
1302 505 1470 551 haberet,
1491 505 1537 544 ad
1561 518 1629 544 co-

171 568 192 599 4
214 562 317 600 mitia
346 563 510 600 Romam
544 562 705 607 rediret3
744 562 775 600 si
805 561 843 600 id
870 563 994 599 facere
1026 566 1259 612 gravaretur,
1292 561 1397 611 quod
1427 573 1507 599 non
1538 574 1630 600 suae

212 619 326 657 sortis
348 618 385 656 id
409 619 607 669 negotium
628 624 738 664 esset,
759 631 799 656 se
821 618 978 668 quidem
1002 620 1207 663 facturum,
1229 618 1504 668 quodcumque
1517 630 1630 656 sena-

210 680 272 712 tus
303 676 538 720 censuissem
569 675 635 713 sed
667 674 778 712 etiam
811 680 924 724 atque
956 675 1066 712 etiam
1095 674 1279 719 viderent,
1312 686 1360 712 ne
1391 674 1511 724 magis
1542 687 1562 712 e
1590 687 1632 713 re

211 730 363 781 publica
394 737 494 769 esset
523 732 791 781 interregnum
814 731 914 777 iniri,
946 743 1061 780 quam
1083 730 1128 768 ab
1151 743 1190 768 se
1212 730 1252 768 in
1276 742 1320 768 eo
1343 735 1441 769 statu
1464 730 1631 780 relinqui

173 798 192 829 5
212 788 465 837 provinciam.
517 794 672 826 senatus
696 788 734 825 C.
759 787 961 825 Scribonio
986 787 1185 837 negotium
1207 786 1320 832 dedit,
1348 792 1389 825 ut
1410 787 1509 826 111105
1527 787 1631 837 lega-

214 848 271 881 tos
315 856 361 881 ex
397 844 533 882 ordine
573 844 766 882 senatorio
808 843 974 881 mitteret
1014 843 1059 880 ad
1091 843 1132 881 L.
1164 843 1386 881 Cornelium
1418 844 1630 889 consulem,

173 910 192 942 6
213 900 279 949 qui
320 900 461 938 litteras
503 900 668 950 collegae
709 899 754 936 ad
791 904 967 937 senatum
1008 900 1145 937 missas
1177 899 1374 937 deferrent
1398 899 1444 936 ad
1476 911 1565 938 eum
1596 905 1633 938 et

210 956 429 994 nuntiarent
461 962 649 1001 senatum,
682 956 722 993 ni
751 956 783 992 is
815 955 860 992 ad
892 955 1136 1004 magistratus
1167 954 1437 1004 subrogandos
1468 955 1632 993 Romam

210 1012 368 1057 veniret,
390 1013 519 1062 potius
544 1024 658 1062 quam
672 1011 943 1058 Q.Minucium
964 1023 984 1048 a
1005 1011 1104 1048 bello
1128 1011 1277 1061 integro
1298 1016 1486 1057 avocaret,
1508 1012 1630 1049 inter-

173 1075 190 1104 7
210 1080 375 1118 regnum
405 1069 495 1106 iniri
526 1080 745 1118 passurum.
785 1067 893 1105 missi
918 1067 1029 1117 legati
1051 1068 1324 1105 renuntiarunt
1346 1067 1387 1105 L.
1409 1067 1632 1106 Cornelium

172 1129 190 1161 8
213 1124 259 1161 ad
296 1125 540 1175 magistratus
572 1124 844 1174 subrogandos
875 1123 1038 1161 Romam
1070 1129 1289 1162 venturum.
1350 1123 1396 1161 de
1425 1123 1559 1162 litteris
1590 1123 1632 1161 L.

211 1180 378 1226 Corneli,
410 1193 505 1231 quas
537 1181 744 1231 scripserat
774 1179 990 1218 secundum
1022 1180 1212 1229 proelium
1244 1192 1334 1218 cum
1354 1180 1444 1218 Bois
1475 1182 1631 1226 factum,

210 1236 433 1286 disceptatio
454 1238 494 1275 in
518 1243 650 1275 senatu
674 1237 756 1281 fuit,
788 1236 877 1286 quia
901 1236 1078 1286 privatim
1098 1237 1292 1287 plerisque
1315 1236 1557 1275 senatoribus
1573 1236 1631 1274 le-

171 1307 190 1338 9
211 1298 319 1342 gatus
344 1294 391 1331 Μ.
416 1293 596 1332 Claudius
628 1293 835 1343 scripserat
867 1293 1044 1330 fortunae
1066 1293 1199 1342 populi
1223 1293 1387 1331 Romani
1411 1299 1447 1331 et
1465 1293 1631 1331 militum

211 1349 341 1387 virtuti
373 1350 529 1400 gratiam
562 1349 789 1394 habendam,
821 1348 926 1398 quod
961 1361 1022 1386 res
1048 1348 1146 1387 bene
1179 1355 1280 1399 gesta
1309 1354 1428 1395 esset3
1461 1349 1632 1387 consulis

211 1417 328 1455 opera
360 1412 395 1444 et
426 1407 587 1444 militum
620 1406 859 1455 aliquantum
889 1406 1095 1451 amissum,
1141 1411 1174 1443 et
1207 1405 1376 1443 hostium
1409 1405 1630 1451 exercitum,

152 1475 191 1507 10
212 1462 321 1500 cuius
353 1462 505 1500 delendi
537 1462 660 1500 oblata
692 1463 846 1499 fortuna
879 1462 1005 1507 fuerit,
1037 1462 1230 1511 elapsum:
1262 1462 1399 1499 milites
1431 1474 1476 1499 eo
1499 1461 1630 1512 plures

956 1583 1057 1614 Senat
1082 1587 1226 1623 genaunt
1250 1583 1394 1614 werden.
1424 1601 1463 1606 —
1491 1586 1534 1615 ad
1555 1594 1632 1622 sen„

956 1628 1067 1659 solche
1092 1628 1245 1660 Berichte
1274 1629 1331 1659 der
1348 1628 1546 1669 Magistrate
1572 1639 1630 1660 aus

956 1674 1016 1705 den
1030 1673 1217 1705 Provinzen
1244 1684 1284 1705 311
1303 1674 1363 1705 den
1379 1673 1481 1705 senat
1498 1674 1630 1705 werden

257 1582 283 1619 6
299 1583 388 1620 -7,
440 1587 468 1617 5.
520 1584 797 1623 Verhaudlungen
843 1583 886 1614 im

209 1628 330 1660 Senate
356 1641 395 1661 zu
411 1629 510 1669 Rom;
538 1629 589 1661 die
615 1630 670 1661 lex
685 1628 885 1670 Sempronia.

257 1676 354 1707 1—6.
396 1687 471 1707 snae
494 1687 519 1706 s.
545 1687 587 1715 e.,
629 1684 662 1705 es
691 1675 812 1714 gehore
846 1684 885 1704 zu

210 1720 280 1751 dem
321 1720 384 1751 ihm
429 1721 530 1752 durch
572 1721 630 1751 das
664 1719 747 1750 Loos
785 1729 886 1760 zuge—

209 1764 645 1805 1311611611665633115111615,
671 1776 694 1796 5.
719 1776 744 1795 o.
771 1766 825 1802 20,
849 1766 885 1803 23

212 1812 265 1851 39,
293 1815 323 1848 (5,
354 1813 380 1850 1,
419 1812 518 1842 sehon
545 1811 608 1843 5611
633 1811 787 1851 langerer
813 1809 886 1841 Zeit

209 1867 282 1887 war
306 1856 483 1895 bestiinmt,
530 1857 623 1894 dass,
671 1866 767 1887 wenn
791 1855 885 1887 beide

210 1902 353 1933 consulu
394 1902 472 1933 Rom
520 1902 721 1937 verliessen,
764 1902 887 1932 vorher

210 1947 311 1978 durch
341 1948 398 1978 das
428 1947 512 1978 Loos
538 1946 734 1988 sestgesetzt
759 1947 884 1987 wurde,

208 1992 356 2024 welcher
383 2002 449 2023 ·zur
475 1992 616 2033 Leitung
649 1993 707 2023 der
740 1991 886 2023 VVahlen

209 2037 262 2068 fiir
289 2038 346 2069 das
363 2038 498 2069 1111611516
512 2038 594 2068 .13111
613 2037 886 2068 zuriickkommen

208 2083 325 2123 sollte,
360 2093 383 2114 5.
419 2082 595 2114 Mommsen
630 2082 719 2113 Rom.
754 2082 886 2113 Staats-

209 2129 304 2159 recht
333 2130 360 2168 1,
391 2130 425 2160 71
446 2139 454 2170 ς
480 2128 561 2159 iiber
585 2139 653 2159 sors
679 2129 733 2167 23,
753 2128 805 2167 30,
828 2130 886 2167 183

211 2175 264 2214 25,
280 2175 310 2213 3,
327 2174 355 2206 2.
373 2191 413 2196 —
429 2185 581 2212 suspensa
599 2192 638 2195 —
653 2175 721 2204 hab.
748 2173 789 2204 ist
815 2173 887 2204 hier

209 2218 310 2250 freier
350 2219 398 2250 als
436 2223 528 2250 sonst
568 2220 679 2250 habere
719 2218 776 2248 mit
815 2219 885 2249 deni

209 2268 294 2305 part.
320 2268 426 2306 praet.
450 2264 649 2303 verbunden,
676 2274 700 2295 5.
728 2262 805 2305 §33
833 2266 885 2301 38,

209 2310 269 2349 28,
307 2310 454 2353 10521,
487 2311 544 2349 13,
573 2311 610 2351 63
640 2310 698 2349 25,
728 2310 788 2348 33,
829 2310 886 2348 133

210 2355 264 2396 31,
290 2355 344 2396 42,
376 2356 410 2395 13
438 2353 589 2386 Hiihnast
616 2356 690 2388 2065.
714 2371 753 2376 -—
774 2357 885 2395 profi„

211 2401 249 2439 9,
284 2401 346 2439 29,
385 2402 421 2442 13
448 2402 508 2438 21,
536 2402 671 2439 40,11.
697 2418 741 2422 —
765 2411 801 2430 ex
820 2403 886 2431 ord.

209 2452 318 2484 senat„
362 2446 444 2476 nach
485 2446 556 2477 dem
595 2444 886 2487 Sprachgebrauch

211 2490 268 2520 der
281 2490 356 2521 Zeit
374 2491 428 2522 des
446 2490 471 2521 L
486 2517 494 2531 ,
522 2491 553 2521 111
573 2491 631 2522 der
644 2491 885 2532 besprocheuen

211 2533 284 2566 Zeit
325 2536 445 2567 konnte
486 2546 547 2567 nur
584 2537 641 2567 der
670 2535 886 2576 jedesmalige

957 1718 1004 1750 oft
1037 1729 1101 1749 von
1135 1719 1196 1750 den
1234 1718 1429 1750 Annalisten
1464 1720 1630 1759 erwtihut,

957 1763 1003 1795 oft
1029 1765 1112 1795 auch
1137 1768 1405 1805 vorausgesetzt,
1432 1775 1456 1796 5.
1483 1775 1509 1796 c.
1535 1766 1565 1805 2,
1594 1766 1613 1797 6

956 1811 1010 1850 31,
1040 1811 1070 1844 3,
1098 1812 1126 1842 6.
1154 1828 1196 1832 -
1222 1813 1369 1851 interreg).
1396 1813 1461 1852 in,
1503 1820 1573 1841 was
1599 1810 1632 1841 in

956 1856 1016 1886 den
1047 1855 1169 1886 letzteu
1195 1856 1317 1887 Jahren
1349 1855 1453 1887 selten
1492 1856 1629 1897 gesche-

955 1901 1017 1932 hen
1044 1900 1097 1933 ist,

1002 1947 1123 1979 8—<10.
1149 1948 1185 1977 de
1210 1963 1254 1968 —-
1277 1957 1373 1987 quas,
1406 1957 1431 1977 5.
1457 1957 1495 1978 zu
1519 1956 1545 1980 c,
1579 1948 1630 1987 12,

960 1993 1020 2033 143
1047 1993 1100 2028 45,
1127 1992 1156 2031 8,
1183 1993 1212 2024 4.
1239 2009 1281 2014 -
1302 1994 1476 2031 privatim,
1503 2002 1542 2022 an
1569 1992 1629 2023 den

956 2036 1057 2068 Senat
1083 2036 1249 2068 beriehtet
1282 2048 1342 2068 nur
1376 2038 1434 2069 der
1459 2037 1631 2068 Comman-

958 2081 1091 2113 dirende
1118 2082 1196 2113 oder
1224 2083 1339 2114 dessen
1369 2082 1630 2114 Stellvertreter.

956 2146 999 2150 -—
1030 2130 1183 2168 plerisq.,
1230 2129 1288 2168 10,
1336 2129 1394 2167 13,
1441 2130 1489 2161 14.
1519 2130 1633 2160 —M.

956 2174 1082 2213 Claud„
1129 2173 1188 2204 der
1232 2183 1259 2204 c.
1302 2176 1338 2213 5,
1387 2175 1401 2206 1
1445 2174 1630 2213 erwiihnte,

956 2218 1045 2249 801111
1078 2218 1133 2249 1165
1164 2218 1208 2249 im
1246 2221 1274 2251 2.
1308 2218 1485 2260 punischen
1511 2217 1632 2260 Hriege

955 2263 1148 2295 beriihmten
1188 2264 1384 2303 Marcellus,
1425 2275 1450 2296 5.
1479 2265 1540 2305 33,
1568 2265 1629 2304 363

956 2310 1017 2347 423
1044 2311 1096 2341 47.
1138 2329 1158 2331 *-
1187 2311 1272 2350 fort.
1292 2322 1328 2349 p.
1355 2312 1414 2351 R.,
1439 2310 1494 2350 38,
1520 2311 1576 2350 46,
1603 2312 1632 2343 4.

958 2372 998 2376 -
1026 2365 1137 2394 opera,
1180 2365 1216 2386 so
1253 2355 1321 2387 viel
1358 2364 1395 2386 er
1429 2355 1514 2387 habe
1549 2355 1630 2386 thun

959 2399 1098 2439 ko'uueu,
1128 2400 1260 2441 Schuld,
1287 2401 1340 2441 38,
1365 2402 1475 2442 43,1;
1502 2401 1555 2440 39,
1578 2402 1632 2441 36,

959 2446 1016 2479 15:
1043 2447 1103 2482 41,
1140 2447 1199 2486 16,
1235 2447 1264 2478 2.
1300 2463 1343 2468 —
1370 2447 1428 2477 obl.
1456 2446 1633 2486 —fuerz't‚

955 2490 1159 2529 dargeboten
1187 2500 1338 2531 gewesen
1363 2491 1422 2531 sei,
1449 2492 1480 2530 2,
1513 2492 1566 2531 23,
1595 2493 1632 2530 ὃς

957 2536 1010 2569 26,
1044 2537 1093 2568 16.
1122 2539 1141 2569 4
1165 2548 1194 2567 u.
1222 2546 1270 2576 a.,
1306 2536 1363 2567 das
1391 2536 1517 2577 einzige
1545 2533 1631 2568 Perf.
