1715 2723
564 51 688 84 LIBER
717 51 896 85 XXXVII.
922 51 1014 84 CAP.
1040 55 1070 87 4.
1101 56 1130 87 5.
1405 59 1430 77 a.
1449 59 1478 78 ¹1-
1496 51 1559 78 564.

141 55 220 97 166

138 158 242 208 pacis
265 169 360 203 esse,
383 166 622 206 quamquam
643 154 769 193 omnis
791 166 859 192 ora
878 154 1067 193 maritima
1090 167 1239 202 eorum,
1261 167 1359 206 quae
1379 155 1419 194 in
1439 155 1554 194 Pelo-

98 226 118 257 7
137 225 359 265 ponnesum
383 224 493 250 versa
514 216 592 257 est,
621 210 851 261 depopulata
872 210 918 248 ab
939 210 1100 249 Achaeis
1122 216 1221 258 erat,
1251 212 1412 262 periculi
1434 212 1554 263 magis

138 282 255 321 quam
285 268 417 307 damni
437 279 643 313 memores,
668 272 710 305 ut
727 267 915 306 Romanis
936 267 1239 307 intercluderent
1257 268 1340 315 iter,
1368 268 1554 307 Coracem

137 330 429 376 occupaverunt
449 329 644 362 montem:
668 334 795 373 neque
808 323 913 362 enim
925 323 1152 362 dubitabant
1163 324 1210 362 ad
1223 325 1554 375 oppugnationem

42 387 45 391 “
97 391 117 423 8
136 381 322 432 Naupacti
348 393 414 419 eos
436 379 628 431 principio
652 379 751 418 veris
774 380 968 419 redituros
990 393 1084 419 esse.
1116 380 1250 427 Acilio,
1275 381 1363 431 quia
1384 381 1423 419 id
1435 393 1551 432 expe-

136 439 228 477 ctari
260 437 413 484 sciebat,
433 436 551 475 satius
574 436 700 475 visum
721 441 778 475 est
798 436 1038 488 inopinatam
1058 437 1215 487 adgredi
1236 448 1319 475 rem
1334 442 1370 475 et
1383 437 1554 477 Lamiam

96 504 116 536 9
137 506 384 545 oppugnare:
416 505 506 532 nam
527 498 564 531 et
583 505 604 531 a
623 493 801 543 Philippo
823 505 946 544 prope
967 493 1013 532 ad
1036 493 1228 532 excidium
1248 493 1436 532 adductos
1458 506 1553 540 esse,

136 558 172 590 et
185 559 278 589 tunc
299 562 343 589 eo
364 550 462 601 ipso,
486 549 592 600 quod
613 549 707 588 nihil
729 550 799 588 tale
821 549 1012 593 timerent,
1035 550 1204 601 opprimi
1224 550 1399 588 incautos
1423 562 1550 600 posse.

75 611 115 644 10
134 609 334 658 profectus
364 607 411 645 ab
436 606 555 645 Elatia
585 606 756 657 primum
786 606 826 644 in
858 607 1030 645 hostium
1062 613 1163 645 terra
1195 606 1295 645 circa
1314 606 1556 657 Spercheum

134 676 290 703 amnem
312 663 443 714 posuit
465 669 607 709 castra,
636 663 725 701 inde
746 669 858 702 nocte
881 664 994 702 motis
1017 663 1134 714 signis
1157 663 1280 713 prima
1301 663 1387 701 luce
1410 675 1555 701 corona

86 725 112 764 5
137 720 291 759 moenia
324 727 381 759 est
405 720 624 770 adgressus.
668 719 831 770 Magnus
854 732 974 770 pavor
998 732 1041 758 ac
1062 720 1264 767 tumultus,
1295 726 1337 758 ut
1354 719 1394 758 in
1414 732 1455 758 re
1478 719 1554 758 im—

132 777 300 828 provisa,
322 777 406 815 fuit.
444 775 684 815 constantius
705 781 846 822 tamen,
870 788 986 826 quam
1010 776 1097 827 quis
1121 778 1292 815 facturos
1315 775 1500 820 crederet,
1515 776 1555 814 in

135 840 214 873 tam
235 833 362 872 subito
387 833 572 884 periculo,
605 843 695 870 cum
718 832 789 870 viri
811 838 1116 883 propugnarent,
1147 832 1312 871 feminae
1332 832 1405 871 tela
1428 832 1555 870 omnis

133 890 284 941 generis
306 901 475 939 saxaque
497 889 537 927 in
560 900 694 927 muros
718 896 907 938 gererent,
926 889 1001 927 iam
1025 888 1273 927 multifariam
1295 888 1555 938 scalis-appo-

91 947 111 978 2
131 947 211 985 sitis
236 945 374 984 urbem
394 957 438 983 eo
461 945 520 983 die
543 945 813 983 defenderunt.
854 945 996 983 Acilius
1021 945 1130 995 signo
1155 945 1325 995 receptui
1348 944 1434 983 dato
1461 956 1554 983 suos

130 1003 171 1041 in
194 1008 316 1041 castra
340 1002 467 1041 medio
490 1003 613 1040 ferme
639 1001 699 1039 die
715 1001 889 1048 reduxit,
917 1008 952 1040 et
974 1007 1068 1040 tunc
1089 1001 1173 1039 cibo
1199 1007 1235 1040 et
1258 1001 1383 1051 quiete
1401 1000 1555 1039 refectis

131 1059 376 1110 corporibus,
399 1059 628 1109 priusquam
649 1057 1116 1108 praetoriumdimitteret,
1140 1057 1390 1104 denuntiavit,
1415 1064 1457 1096 ut
1468 1063 1554 1096 ante

130 1116 259 1155 lucem
283 1115 421 1154 armati
443 1114 642 1166 paratique
663 1120 812 1161 essent3
837 1115 911 1153 nisi
933 1120 1149 1165 expugnata
1170 1113 1266 1152 urbe
1287 1127 1327 1152 se
1349 1126 1415 1152 eos
1430 1114 1470 1152 in
1489 1125 1553 1152 ca-

92 1179 111 1211 3
131 1179 208 1211 stra
231 1184 311 1210 non
335 1171 601 1210 reducturum.
636 1171 774 1209 eodem
795 1178 980 1222 tempore,
1003 1183 1081 1221 quo
1106 1170 1240 1221 pridie,
1262 1170 1439 1221 pluribus
1460 1170 1554 1208 locis

130 1229 349 1279 adgressus,
381 1240 471 1267 cum
501 1227 717 1278 oppidanos
748 1227 823 1265 iam
853 1228 965 1274 vires,
996 1228 1072 1266 iam
1102 1227 1185 1274 tela,
1216 1227 1293 1265 iam
1315 1232 1402 1265 ante
1424 1226 1554 1265 omnia

130 1286 284 1324 animus
309 1285 499 1331 deficeret,
520 1284 620 1322 intra
645 1295 787 1334 paucas
810 1284 924 1322 horas
947 1284 1085 1322 urbem
1108 1284 1217 1334 cepit.
1248 1283 1301 1321 ibi
1323 1283 1463 1334 partim
1494 1283 1554 1322 di—

130 1342 283 1380 vendita
306 1341 445 1392 partim
469 1341 588 1379 divisa
610 1340 764 1391 praeda,
787 1341 993 1379 consilium
1014 1340 1200 1387 habitum,
1223 1339 1315 1390 quid
1341 1340 1480 1378 deinde
1494 1342 1552 1378 fa-

89 1410 111 1441 4
131 1405 245 1436 ceret.
287 1398 434 1436 nemini
457 1397 503 1436 ad
526 1398 768 1447 Naupactum
792 1397 839 1435 iri
861 1397 1003 1447 placuit
1023 1403 1210 1447 occupato
1234 1396 1280 1435 ad
1302 1396 1486 1435 Coracem
1507 1396 1552 1434 ab

136 1454 279 1493 Aetolis
306 1455 416 1493 saltu.
466 1466 515 1492 110
535 1460 665 1492 tamen
688 1453 817 1504 segnia
838 1454 977 1492 aestiva
1010 1459 1140 1492 essent
1171 1459 1207 1492 et
1234 1453 1356 1491 Aetoli
1378 1465 1459 1491 non
1478 1453 1555 1491 im-

129 1569 171 1600 45
217 1566 260 1597 ist
300 1566 383 1597 nach
420 1565 537 1608 Polyb.
576 1565 717 1597 erziihlt.
763 1583 805 1588 —
924 1563 961 1600 5.
1011 1567 1103 1598 1-3,
1154 1566 1308 1604 crederet,
1358 1563 1555 1595 potentialis

128 1615 234 1652 depop.
256 1631 298 1635 —
317 1618 384 1644 erat
407 1611 471 1642 wie
497 1622 523 1642 c.
552 1612 605 1651 28,
632 1612 662 1651 4,
685 1610 805 1652 passiv,
877 1611 934 1642 der
974 1610 1258 1651 Vei-gangcnheit,
1297 1608 1361 1641 wie
1398 1611 1553 1641 crederes:

128 1657 193 1689 wie
217 1667 251 1688 05
276 1656 358 1697 51011,
390 1657 446 1688 das
464 1656 580 1698 partic.
599 1660 702 1698 praet.
725 1666 805 1688 aus-
875 1656 970 1688 h'atte
996 1656 1137 1697 glauben
1171 1656 1308 1686 konnen.
1337 1673 1379 1676 —
1404 1662 1439 1687 ut
1468 1657 1501 1686 in
1526 1666 1554 1686 r.

133 1712 333 1744 geuommen,
362 1702 414 1734 bei
438 1702 500 1733 den
526 1701 679 1733 friiheren
712 1701 807 1733 Clas-
875 1708 927 1741 tr„
954 1703 1007 1741 35,
1036 1702 1088 1740 27,
1117 1703 1153 1741 63
1183 1702 1237 1741 22,
1271 1703 1301 1740 5,
1340 1702 1368 1738 1,
1405 1701 1553 1741 dagegen

127 1749 240 1780 sikern
269 1748 361 1779 nicht
393 1748 502 1779 findet.
528 1765 572 1769 -—
596 1747 656 1779 Die
676 1747 808 1779 Ach'zier
876 1750 910 1779 z'n
934 1754 997 1779 tam
1022 1759 1045 1779 s.
1065 1758 1135 1786 per.
1162 1746 1342 1778 concessis:
1364 1764 1407 1768 —
1424 1757 1495 1778 cum
1511 1764 1554 1768 -—

130 1794 286 1826 scheiuen
312 1794 395 1825 nach
420 1792 547 1825 Ablauf
571 1793 626 1825 des
653 1792 805 1825 VVaffeu-

128 1839 335 1871 stillstandes
393 1839 444 1871 die
503 1838 805 1879 Feindseligkeiten

129 1885 255 1917 wieder
282 1885 423 1916 ero'ffnet
442 1895 482 1916 zu
506 1884 623 1916 haben.
651 1899 691 1904 —
712 1887 805 1924 peri-

128 1934 202 1971 culi,
233 1941 295 1961 von
324 1931 384 1962 den
404 1930 555 1962 Ro'mern.
582 1949 623 1953 —
652 1932 804 1970 Coracem,

130 1977 184 2015 36,
219 1978 272 2015 30,
305 1977 332 2009 4,
367 1994 403 1999 -
430 1978 520 2008 redit.
554 1986 627 2014 esse,
662 1975 713 2007 die
743 1976 806 2007 Be-

128 2021 288 2062 lagerung
312 2021 356 2053 ist
382 2020 588 2062 aufgehobeu
614 2022 667 2061 36,
698 2022 752 2061 35,
776 2022 805 2054 6.

128 2084 172 2089 ——
199 2073 257 2099 sat.
283 2069 352 2106 vis„
380 2068 433 2105 34,
459 2068 512 2106 49,
546 2068 584 2108 23
611 2077 637 2099 e.
665 2068 719 2106 26,
749 2068 803 2100 13:

128 2114 230 2145 satius
253 2124 324 2144 esse.
350 2130 393 2134 -
411 2114 557 2144 Lamiam
584 2111 648 2152 vgl.
675 2113 730 2152 36,
751 2113 804 2151 25,

131 2160 160 2191 S.
186 2175 229 2180 —
253 2160 350 2190 excid.
378 2157 463 2189 wird
489 2161 580 2189 sonst
598 2167 663 2188 von
685 2157 718 2188 L.
741 2168 803 2189 von

129 2203 190 2235 (100
227 2203 367 2235 Stadten
402 2207 538 2246 gesagt3
574 2203 657 2234 auch
696 2213 738 2234 an
774 2214 804 2235 u.

129 2248 177 2280 St.
202 2248 247 2280 ist
272 2249 339 2280 wol
363 2250 454 2280 mehr
479 2258 520 2279 au
550 2248 663 2280 Lamia
688 2248 737 2280 als
764 2259 804 2279 an

130 2294 182 2325 die
211 2295 394 2326 Bewohner
420 2305 460 2325 zu
478 2294 615 2326 denken.
642 2312 685 2316 -
710 2296 804 2331 Blae„

133 2340 187 2379 32,
216 2341 267 2380 18,
296 2341 325 2373 9.
350 2358 395 2362 —
418 2342 496 2372 host.
517 2339 694 2379 terra;das
714 2339 806 2370 Laud

131 2394 183 2415 am
216 2384 396 2427 Spercheus
429 2385 486 2425 ist,
520 2385 584 2417 wie
619 2385 720 2417 schou
753 2384 804 2416 die

132 2430 345 2473 Behauptung
370 2441 434 2462 von
452 2431 594 2473 Hypata,
621 2442 645 2463 s.
678 2432 730 2470 36,
753 2431 803 2469 16,

128 2475 230 2516 zeigt,
259 2476 411 2508 atolisch.

871 1794 985 1835 ’μενῶ-Ἰ
1021 1793 1138 1831 indem,
1179 1792 1324 1824 dadurch
1366 1791 1451 1832 dass,
1497 1792 1551 1830 28,

880 1841 930 1879 1⁸),
965 1840 1023 1878 133
1050 1840 1080 1879 3,
1108 1839 1162 1878 46,
1183 1839 1213 1870 2.
1231 1856 1274 1859 ——
1292 1840 1357 1870 iam
1375 1855 1417 1859 —
1434 1848 1550 1877 appas„

875 1884 928 1916 ein
973 1894 1075 1916 neuer
1111 1882 1267 1915 Umstand
1303 1882 1406 1914 neben
1450 1886 1484 1914 in
1511 1900 1553 1904 —

868 1932 1023 1970 periculo,
1049 1930 1108 1961 der
1133 1928 1185 1960 die
1211 1928 1476 1969 Vertheidiguug
1500 1938 1554 1959 um

875 1986 912 2007 so
943 1975 1091 2016 weniger
1123 1978 1290 2006 erwarten
1334 1973 1422 2005 11055.
1448 1992 1491 1995 -
1526 1979 1554 2005 et

875 2028 968 2061 tamo,
1006 2022 1048 2052 da
1096 2020 1217 2052 andere
1256 2018 1325 2051 Hss.
1362 2026 1389 2052 et
1428 2021 1555 2061 quidem

875 2067 993 2106 haben,
1020 2077 1056 2098 50
1081 2066 1126 2098 ist
1153 2065 1244 2097 viell.
1278 2071 1306 2097 et
1329 2071 1404 2097 tune
1429 2067 1555 2106 quidem

875 2123 915 2143 zu
939 2112 1040 2151 lesen,
1068 2112 1134 2153 vgl.
1161 2113 1192 2151 2,
1227 2112 1257 2150 2,
1295 2113 1325 2144 9.
1351 2129 1394 2132 —
1419 2117 1555 2150 praetor.

874 2161 961 2197 dim,
988 2159 1042 2199 21,
1062 2160 1114 2197 54,
1137 2158 1167 2189 3-
1190 2174 1233 2178 —
1249 2159 1316 2188 m'si
1331 2168 1398 2196 exp.
1421 2158 1502 2195 urb„
1525 2157 1553 2194 1,

876 2205 930 2243 51,
964 2206 992 2235 7.
1014 2221 1056 2226 ——
1076 2205 1174 2243 defic„
1205 2212 1247 2233 an
1265 2202 1322 2233 das
1343 2202 1447 2233 letzte
1474 2200 1555 2233 Sub-

871 2249 943 2289 ject
975 2248 1230 2289 angeschlossen
1254 2248 1318 2279 wie
1349 2258 1376 2278 c.
1411 2248 1440 2287 9,
1480 2248 1499 2279 3
1523 2257 1552 2277 0.

875 2305 903 2326 a.
931 2312 973 2316 -
999 2296 1122 2326 divend.
1151 2312 1193 2315 —
1225 2295 1298 2333 dlv„
1338 2294 1390 2332 35,
1430 2295 1457 2331 1,
1495 2293 1553 2331 123

876 2340 928 2371 die
943 2340 1040 2371 stadt
1053 2340 1096 2371 ist
1122 2339 1170 2370 als
1196 2342 1230 2371 m'
1244 2345 1333 2378 capta
1347 2337 1551 2379 gepliindert.

922 2387 1020 2418 4—6.
1046 2388 1090 2418 ad
1112 2387 1180 2417 Cor.
1207 2403 1249 2406 —
1275 2386 1367 2424 saltu,
1398 2383 1455 2414 der
1474 2381 1552 2413 Pass

877 2440 928 2462 am
956 2430 1040 2470 Cor.,
1068 2432 1122 2469 36,
1150 2432 1203 2469 30,
1234 2432 1264 2462 5.
1290 2447 1331 2451 —
1355 2430 1482 2469 aestiva,
1501 2428 1553 2459 die

879 2486 918 2507 zu
939 2475 1363 2517 Hriegsunternehmungen
1381 2473 1554 2515 geeignete
