1715 2723
14 115 15 119 ,
45 83 72 117 a.
92 90 143 117 ch.
165 89 224 116 189.

490 89 614 122 LIBER
642 89 821 124 XXXVII.
854 88 946 121 CAP.
973 91 1025 123 53.

1382 89 1465 130 249

46 194 140 233 alios
169 198 321 244 praeter
350 193 513 231 modum
539 193 738 239 extollatis,
768 192 836 231 sed
869 193 981 231 etiam
1007 205 1069 239 ne,
1098 193 1166 243 qui
1189 192 1374 230 adversus
1395 204 1465 230 vos

45 262 153 289 arma
181 249 351 296 tulerint,
381 249 421 287 in
454 249 612 288 meliore
642 254 741 288 statu
771 249 858 295 sint,
888 261 1003 299 quam
1025 249 1119 287 socii
1143 255 1180 287 et
1201 248 1313 287 amici
1335 248 1464 287 vestri.

48 305 155 356 quod
181 306 227 343 ad
260 318 322 344 me
356 305 500 352 attinet,
530 306 569 343 in
593 305 674 343 aliis
695 305 812 343 rebus
835 305 995 343 cessisse
1016 305 1115 343 intra
1136 306 1254 343 finem
1272 305 1368 344 iuris
1392 305 1468 344 mei
1486 313 1506 343 7

49 361 205 401 cuilibet
233 362 354 400 videri
381 362 523 408 malim,
554 373 670 411 quam
702 361 817 399 nimis
847 361 1091 411 pertinaciter
1116 361 1155 399 in
1187 361 1397 400 obtinendo
1420 373 1466 400 eo

45 418 277 465 tetendisse3
309 418 350 456 in
375 417 583 456 certamine
613 422 741 455 autem
764 417 950 455 amicitiae
980 422 1149 463 vestrae,
1178 417 1468 456 benevolentiae

8 475 10 495 ³
44 486 137 526 erga
165 486 257 520 vos,
287 474 461 520 honoris,
491 473 558 524 qui
583 485 603 510 a
633 472 743 510 vobis
764 473 977 519 habebitur,
1006 473 1166 511 minime
1188 486 1312 523 aequo
1337 473 1467 513 animo
1517 515 1521 520 ,

46 531 149 570 vinci
180 543 353 581 possum.
401 531 501 568 hanc
531 542 600 579 ego
631 530 839 567 maximam
870 529 1120 567 hereditatem
1150 542 1170 567 a
1203 536 1309 579 patre
1327 530 1467 581 accepi,

49 587 116 638 qui
146 587 296 638 primus
325 586 501 624 omnium
524 585 652 623 Asiam
676 585 953 635 Graeciamque
984 585 1236 623 incolentium
1266 586 1306 624 in
1332 587 1467 624 amici-

5 681 7 688 ,
47 644 137 683 tiam
168 643 272 682 venit·
301 647 467 680 vestram
498 653 660 691 eamque
687 647 873 692 perpetua
902 647 939 679 et
968 642 1157 679 constanti
1178 642 1251 680 fide
1272 643 1315 680 ad
1340 648 1467 681 extre-
1487 656 1506 687 S

51 711 159 738 mum
191 699 287 737 vitae
309 698 424 736 linem
447 697 648 748 perduxit3
681 710 752 735 nec
773 698 945 736 animum
967 697 1164 735 dumtaxat
1185 697 1295 736 vobis
1315 699 1467 737 fidelem
1486 711 1505 742 9

45 767 91 794 ac
110 755 260 792 bonum
281 754 477 804 praestitit,
498 754 564 792 sed
589 754 770 792 omuibus
793 754 968 792 interfuit
988 753 1108 799 bellis,
1131 766 1229 804 quae
1251 755 1290 792 in
1312 755 1467 793 Graecia

4 825 5 828 ¹
46 810 229 862 gessistis,
262 810 510 849 terrestribus
541 810 751 855 navalibus,
784 811 892 848 omni
921 822 1061 860 genere
1084 817 1386 857 commeatuum,
1417 812 1468 850 ita

46 873 90 906 ut
109 879 225 905 nemo
249 867 447 904 sociorum
471 872 690 904 vestrorum
714 867 789 905 ulla
810 872 916 916 parte
937 867 1093 917 aequari
1109 872 1252 917 posset,
1273 880 1342 905 vos
1354 867 1466 906 adiu—

0 922 3 966 ’,
46 924 121 970 vit,
142 929 355 973 postremo,
378 934 468 960 cum
491 923 656 961 Boeotos
679 923 725 961 ad
749 924 969 961 societatem
989 929 1153 961 vestram
1175 923 1407 971 hortaretur,
1427 924 1468 962 111
1490 933 1529 964 10

46 980 130 1031 ipsa
156 980 337 1017 contione
368 979 649 1017 intermortuus
681 980 782 1017 baud
813 980 934 1017 multo
964 985 1051 1029 post
1083 980 1299 1029 exspiravit.

0 1043 2 1060 ³
46 1049 118 1086 ego
144 1036 297 1086 vestigia
322 1036 520 1086 ingressus
544 1036 729 1074 voluntati
749 1036 907 1086 quidem
931 1042 966 1074 et
986 1035 1113 1074 studio
1138 1036 1177 1073 in
1202 1037 1374 1075 colendis
1396 1049 1466 1074 vo—

47 1092 106 1131 bis
137 1092 286 1130 adicere
305 1115 359 1119 —
381 1092 520 1130 etenim
552 1092 874 1142 inexsuperabilia
898 1093 991 1130 haec
1011 1098 1119 1130 erant
1141 1115 1195 1118 —
1217 1093 1311 1130 1111111
1334 1094 1465 1143 potui,

46 1148 164 1187 rebus
183 1148 278 1198 ipsis
302 1149 525 1198 meritisque
546 1155 581 1186 et
599 1148 784 1199 impensis
806 1149 1029 1187 officiorum
1050 1154 1285 1199 utsuperare
1297 1161 1467 1200 possem,
1490 1161 1531 1192 12

45 1292 171 1333 xxiirde,
200 1291 315 1333 Polyb.
337 1290 516 1323 einfacher.
536 1309 576 1313 —-
589 1297 722 1330 praeter

45 1350 98 1379 Μ,
123 1338 181 1368 das
199 1336 287 1369 Mass
313 1337 403 1367 nicht
427 1336 628 1378 einhaltend,
654 1336 720 1367 Cic.

45 1382 141 1415 Tusc.
167 1384 205 1424 5,
232 1384 292 1424 36,
330 1384 409 1415 105:
435 1389 562 1421 praeter
597 1384 721 1413 modum

44 1432 165 1469 iustus,
202 1427 266 1459 wie
284 1439 339 1468 pr.
364 1439 465 1467 spem,
497 1439 613 1459 morem
637 1439 666 1459 11,
692 1438 721 1458 a.

45 1492 90 1497 —
113 1475 256 1514 tulerint,
282 1473 331 1504 als
360 1472 457 1504 Theil
482 1473 617 1515 desseu,
653 1483 677 1503 u
687 1483 723 1503 as

47 1519 99 1551 die
140 1518 259 1550 ffiimer
299 1519 460 1550 verhiiten
505 1519 620 1550 sollen.
677 1517 721 1549 Es

46 1564 119 1596 sind
144 1564 196 1595 die
220 1563 342 1604 griech.
368 1564 496 1604 sttuite,
523 1563 574 1595 die
593 1562 651 1595 auf
666 1564 723 1595 der

48 1609 139 1641 Seite
157 1609 213 1640 des
225 1609 407 1639 Antiochus
424 1610 602 1649 gestanden
616 1609 721 1640 11311611

47 1655 112 1686 und
138 1665 202 1685 nun
221 1664 279 1685 zur
297 1654 485 1694 Belohuung
502 1654 554 1686 die
572 1654 721 1686 Frciheit

47 1700 201 1732 erhalten
229 1699 345 1731 5011611.
373 1717 416 1722 --
441 1702 476 1730 in
498 1702 565 1731 mel.
591 1706 641 1740 εὴ,
668 1700 722 1741 38,

49 1748 81 1787 5,
107 1750 144 1785 ὓς
175 1748 227 1786 29,
254 1746 284 1785 δ,
306 1749 336 1777 4.
364 1763 406 1766 -
431 1751 460 1777 ec
492 1748 586 1776 antici
620 1745 663 1775 ist
687 1755 722 1775 so

48 1800 111 1831 eng
141 1790 200 1821 mit
230 1792 308 1822 socii
326 1790 534 1831 verbunden,
572 1790 646 1821 dass
672 1789 724 1821 die

47 1836 169 1867 andere
198 1835 316 1867 Lesart
341 1842 398 1868 aut
422 1838 518 1868 amici
540 1835 631 1866 nicht
658 1835 725 1866 wol

46 1885 130 1913 statt
152 1881 257 1913 haben
285 1881 382 1915 kann.
408 1892 432 1913 s.
460 1883 514 1922 42,
541 1884 594 1919 47,
622 1883 650 1914 5.

94 1973 215 2004 7—21.
240 1970 388 2003 Zweiter
415 1970 511 2003 Theil
537 1972 594 2003 der
621 1971 722 2008 Rode,

49 2017 107 2048 das
124 2016 337 2048 Verhiiltniss
357 2017 415 2048 der
437 2016 724 2058 pergamenischen

48 2060 176 2102 Ronige
211 2072 251 2093 zu
283 2062 342 2093 den
377 2061 528 2094 Rb'mern.
563 2080 606 2084 —
639 2065 726 2094 imm

39 2110 118 2148 fin„
162 2106 228 2147 vgl.
271 2106 337 2138 Cic.
374 2106 465 2139 Fam.
509 2110 539 2141 9.
582 2109 643 2149 26,
685 2109 723 2140 4:

49 2155 216 2191 epulamur
240 2170 284 2174 —-
316 2156 404 2185 intra
430 2157 523 2194 ἱεμένη
546 2160 573 2185 οι
598 2155 725 2194 quidem

47 2200 210 2238 aliqmmo
219 2209 230 2229 .·
276 2197 429 2230 Α11(161·611
470 2198 616 2230 weichen
659 2199 725 2229 und

47 2243 135 2274 mich
163 2243 273 2274 hinter
298 2243 402 2275 meiue
428 2243 555 2276 Grenze
582 2244 724 2276 zuriick-

47 2288 175 2329 ziehen,
203 2289 270 2329 vgl.
296 2288 380 2321 Gell.
410 2291 460 2329 12,
485 2291 536 2331 13,
554 2292 613 2322 22:
638 2292 725 2321 incra

47 2336 173 2366 modum
209 2353 252 2357 —-
294 2337 330 2365 id
369 2341 414 2367 esc
448 2346 514 2366 non
548 2338 593 2366 ad
621 2337 724 2375 ipsum

47 2382 185 2421 modum,
213 2381 269 2411 sed
292 2386 376 2412 retro
398 2383 568 2420 paululum
591 2387 620 2413 et
643 2384 725 2412 citra

46 2427 192 2461 modwm,
231 2425 336 2457 daher
370 2424 414 2456 ist
446 2436 487 2457 311
523 2436 552 2457 11.
585 2425 632 2457 St.
666 2427 724 2458 der

48 2468 253 2510 Gegensatz:
288 2473 324 2502 in
351 2473 517 2504 obtinendo
543 2482 576 2503 eo
604 2482 633 2502 n.
653 2475 724 2513 fine

47 2517 148 2547 iuris:
187 2520 302 2557 streug
344 2515 404 2547 auf
440 2517 498 2548 der
536 2516 629 2548 Linie
666 2518 722 2548 des

790 1291 914 1323 Rechts
961 1293 1136 1331 bestctwm
1186 1293 1237 1324 die
1280 1293 1467 1326 Consti-uer.

788 1339 892 1370 cedere
939 1340 1027 1370 imm
1075 1358 1114 1362 —
1160 1340 1284 1370 caz'lz'bet
1325 1338 1370 1370 ist
1411 1339 1470 1371 der

791 1385 895 1415 cedere
917 1386 1017 1414 alicui
1040 1386 1151 1425 aliqua
1166 1395 1201 1416 re
1226 1384 1468 1425 nachgebilde’s.

796 1447 831 1449 ff
862 1431 896 1459 [n
922 1436 994 1460 cert.
1020 1447 1063 1450 —-
1088 1432 1184 1465 vimi,
1212 1429 1276 1461 wie
1297 1432 1351 1470 25,
1379 1432 1409 1471 5,
1435 1432 1466 1472 4,

793 1473 859 1514 vgl.
875 1476 967 1515 10,6,
982 1476 1017 1507 11
1047 1475 1128 1505 ohne
1155 1477 1386 1507 2'n.—eertam.
1406 1487 1467 1508 am.

789 1527 875 1556 vest„
903 1519 934 1550 in
969 1520 1039 1551 dem
1067 1520 1283 1552 Wettstreite
1312 1532 1365 1552 um
1390 1531 1468 1553 eure

790 1564 1052 1605 Freundschaft,
1086 1576 1137 1596 um
1162 1566 1254 1597 ihrer
1276 1566 1406 1607 wiirdig·
1429 1577 1469 1598 zu

791 1609 872 1651 sein,
897 1621 921 1641 s.
946 1612 963 1649 ἓ
986 1612 1043 1652 14;
1071 1610 1202 1642 Andere
1222 1612 1311 1643 lesen
1329 1619 1465 1653 nostrae,

792 1655 856 1686 wie
881 1655 935 1687 bei
965 1655 1035 1689 Pol.
1060 1666 1086 1686 c.
1112 1660 1143 1697 3,
1173 1659 1200 1689 1.

841 1725 962 1757 8-10.
1021 1723 1080 1754 Die
1122 1723 1318 1756 Verdieustc
1361 1725 1468 1756 seines

794 1768 924 1800 Vaters.
944 1771 1082 1810 pri-mm,
1109 1780 1135 1800 5.
1170 1771 1224 1810 26,
1250 1771 1311 1812 243
1336 1771 1391 1811 29,
1421 1772 1470 1803 11.

794 1832 837 1836 --
860 1820 938 1846 extr.
955 1817 1068 1855 finem,
1091 1814 1330 1856 pleonastisch,
1357 1816 1412 1856 35,
1438 1818 1470 1857 4,

797 1861 832 1900 1,
857 1862 910 1899 37,
939 1861 991 1901 5-1,
1020 1861 1080 1892 21:
1105 1863 1241 1891 medium
1265 1863 1472 1900 umbilioum,·

794 1906 847 1945 38,
874 1907 905 1945 7,
934 1906 971 1938 6:
1004 1908 1183 1937 cuniculum
1207 1908 1360 1938 occultum
1383 1917 1414 1937 u.
1440 1916 1469 1938 a.

793 1968 836 1972 —
862 1953 1130 1984 non—dumtax.
1154 1966 1199 1977 =
1224 1963 1289 1983 non
1306 1970 1350 1974 -
1367 1954 1468 1993 modo,

794 1995 883 2026 nicht
917 1995 997 2027 eben
1031 2007 1112 2036 nur,
1150 1997 1215 2037 vgl.
1246 1998 1300 2039 27,
1331 1999 1381 2039 17,
1412 1999 1468 2034 13;

793 2040 885 2072 Paul.
917 2040 1041 2082 Digest.
1076 2043 1130 2083 26,
1167 2044 1203 2081 7,
1242 2044 1299 2084 12,
1327 2044 1364 2076 3:
1400 2054 1470 2074 cum

792 2092 881 2118 tutor
903 2098 967 2118 ozon
991 2089 1083 2119 rebus
1109 2090 1282 2129 dwntaxat,
1305 2090 1361 2120 sed
1376 2091 1468 2120 eciam

791 2133 931 2164 moribus
940 2135 1066 2171 pupilli
1078 2140 1309 2173 praeponatur.
1330 2152 1370 2155 —
1390 2140 1467 2166 terr.

791 2180 905 2218 navah,
931 2179 986 2217 25,
1015 2180 1066 2219 14,
1093 2180 1129 2212 9;
1157 2181 1239 2211 vires
1263 2182 1404 2220 sanquis.
1424 2197 1469 2201 —

792 2225 916 2264 Roma,
943 2224 1005 2264 33,
1031 2226 1061 2256 2.
1100 2243 1123 2245 ..
1158 2227 1354 2265 intermort.,
1395 2224 1469 2256 eine

792 2267 867 2300 Zcit
892 2268 969 2310 lang
995 2268 1083 2310 (wie)
1109 2270 1193 2311 todt,
1220 2269 1444 2310 ohnniiichtig.

841 2337 983 2369 11—18.
1004 2336 1101 2369 Scine
1111 2337 1249 2377 eigonen
1259 2337 1467 2370 Verdienste.

792 2399 834 2404 —-
878 2384 1117 2423 inezszzperab„
1160 2384 1213 2417 36.
1259 2385 1310 2423 13³,
1351 2385 1380 2416 3.
1424 2400 1470 2405 —

792 2429 921 2466 impem.
948 2429 1054 2469 offic„
1079 2427 1243 2459 Aui'wand
1267 2428 1332 2459 und
1360 2427 1469 2469 Miihe,

791 2472 856 2504 wie
881 2472 929 2504 sie
955 2473 1008 2504 die
1032 2473 1310 2516 ptlichtmiissigen
1335 2473 1470 2506 Dienst-

791 2517 977 2558 leistungen
997 2517 1141 2559 fordern,
1159 2518 1218 2550 mit
1236 2519 1307 2550 sich
1319 2518 1468 2560 bringen·.

1352 980 1467 1019 huius
1490 989 1528 1021 11
