1715 2723
254 74 338 115 242
675 72 799 104 LIBER
818 71 994 104 xxxvii.
1020 71 1112 103 CAP.
1133 74 1185 106 48.
1201 75 1255 106 49.
1515 79 1542 96 a·
1564 78 1592 96 u·
1610 69 1671 96 5⁶5-

257 182 362 228 gatos
374 175 558 214 Aetolos
549 186 589 212 1n
613 180 748 212 senatu
771 174 871 212 inter
891 180 1015 213 cetela
1035 174 1109 212 hoc
1125 186 1283 225 quoque
1301 175 1559 226 interrogatos
1574 187 1671 221 esse,

256 233 360 272 unde
385 231 583 269 audissent
609 230 863 280 imperatores
875 231 1104 269 Romanos
1094 243 1135 268 ln
1155 231 1244 269 Asia
1264 237 1395 282 captos
1415 232 1461 270 ab
1473 231 1664 270 Antiocho

215 296 236 329 7
257 301 345 338 ieoe
378 294 414 325 et
436 287 647 325 exeicitum
671 286 839 325 deletum
861 299 966 333 esse;
998 287 1153 325 Aetolos
1177 287 1425 337 respondisse
1445 288 1491 326 ab
1515 287 1595 326 suis
1614 287 1671 326 le-

257 345 351 395 gatis
374 356 426 389 se,
448 343 515 393 qui
539 355 630 381 cum
654 343 814 382 consule
833 317 990 389 sueriiit,
1011 343 1194 381 certiores
1214 345 1346 382 factos.
1365 344 1536 383 rumoris
1557 343 1673 382 huius

256 400 346 451 quia
373 399 573 438 neminem
593 399 709 437 aliun]
741 405 940 438 auctorem
969 399 1104 446 habeo,
1135 411 1263 450 neque
1286 400 1483 438 adfirmata
1504 413 1567 439 res
1589 412 1674 439 mea

257 457 442 507 opinione
464 456 511 495 sit
530 468 602 494 nec
622 468 694 506 pro
715 467 814 494 vana
834 457 1115 506 praetermissa.

177 525 236 566 49
369 512 494 551 Aetoli
515 512 625 563 legati
646 513 688 550 in
709 518 887 551 senatum
906 513 1127 558 introducti,
1157 524 1247 550 cum
1267 518 1303 550 et
1325 524 1439 551 causa
1460 525 1526 551 eos
1546 525 1616 551 sua
1637 518 1674 551 et

257 571 416 608 fortuna
442 569 683 614 hortaretur,
716 574 757 607 ut
786 569 1008 607 confitendo
1033 582 1101 607 seu
1124 569 1258 619 culpae
1284 581 1353 607 seu
1374 569 1498 607 errori
1519 568 1672 607 veniam

215 637 236 668 2
256 625 450 676 supplices
481 631 675 676 peterent,
707 626 787 663 orsi
817 638 837 663 a
862 625 1058 664 beneficiis
1089 626 1129 663 in
1161 626 1350 676 populum
1382 626 1604 664 Romanum
1633 631 1670 664 et

255 694 378 732 prope
398 681 677 732 exprobrantes
700 682 881 720 virtutem
903 694 1013 720 suam
1033 682 1073 720 in
1086 681 1363 732 Philippibello
1376 681 1673 720 etoffenderunt

217 744 236 776 3
255 751 368 777 aures
398 738 601 777 insolentia
629 738 823 776 sermonis
852 744 889 776 et
918 750 976 784 eo,
1008 745 1135 776 vetera
1155 745 1191 776 et
1212 738 1423 776 oblitterata
1443 737 1668 788 repetendo,

255 807 339 834 rem
361 795 617 840 adduxerunt,
639 801 682 832 ut
699 794 802 832 haud
817 794 931 844 paulo
945 795 1116 844 plurium
1130 795 1408 833 maleficiorum
1420 794 1542 845 gentis
1556 806 1671 844 quam

254 851 536 890 beneficiorum
568 851 754 888 memoria
786 850 933 888 subiret
961 851 1111 888 animos
1136 857 1302 900 patruni,
1331 856 1367 889 et
1390 851 1531 901 quibus
1553 851 1671 889 inise-
1713 846 1715 886 i

214 907 421 947 41·icordia
451 919 550 957 opus
573 913 673 953 erat,
703 907 799 945 iram
824 913 860 944 et
881 906 1014 944 odium
1036 907 1239 945 irritarent.
1279 907 1502 958 interrogati
1524 906 1570 945 ab
1591 919 1670 944 uno
1714 897 1715 907 ¹

255 970 444 1009 senatore,
465 963 784 1013 permitterentne
807 963 1010 1001 arbitrium
1031 963 1077 1001 de
1099 976 1138 1001 se
1160 963 1305 1014 populo
1320 964 1509 1009 Romano,
1532 963 1671 1001 deinde

254 1020 300 1058 ab
332 1021 472 1066 altero,
505 1019 724 1058 habiturine
755 1020 913 1058 eosdem
945 1032 1044 1070 quos
1075 1020 1244 1070 populus
1266 1020 1467 1059 Romanus
1489 1019 1615 1058 socios
1636 1025 1673 1058 et

255 1077 376 1115 hostis
408 1083 548 1122 essent,
580 1076 675 1114 nihil
695 1076 741 1114 ad
763 1089 805 1114 ea
825 1076 1107 1126 respondentes
1131 1076 1260 1127 egredi
1285 1077 1426 1127 templo
1450 1076 1545 1115 iussi
1565 1083 1667 1114 sunt.

216 1140 235 1171 5
255 1133 536 1171 conclamatum
576 1132 714 1170 deinde
745 1145 867 1182 prope
899 1133 945 1170 ab
976 1133 1158 1170 universo
1189 1138 1324 1171 senatu
1346 1139 1404 1172 est
1424 1139 1523 1171 totos
1544 1132 1669 1170 adhuc

255 1189 433 1228 Antiochi
447 1189 601 1227 Aetolos
624 1202 707 1227 esse
728 1196 765 1227 et
787 1201 832 1227 ex
855 1189 967 1227 unica
990 1202 1031 1227 ea
1052 1201 1119 1239 spe
1144 1189 1314 1239 pendere
1336 1190 1486 1228 animos
1510 1200 1670 1227 eorum:

254 1247 383 1296 itaque
404 1245 548 1283 belluni
570 1258 658 1284 cum
681 1245 781 1283 haud
803 1245 929 1284 dubiis
942 1245 1118 1284 hostibus
1132 1246 1346 1296 gerendum
1358 1245 1670 1297 perdomandos-

215 1317 236 1348 6
257 1315 334 1353 que
364 1304 514 1340 feroces
546 1302 696 1340 animos
729 1314 825 1340 esse.
867 1302 928 1340 illa
950 1302 1062 1340 etiam
1085 1314 1147 1340 res
1169 1303 1354 1346 accendit,
1389 1303 1494 1353 quod
1517 1314 1561 1340 eo
1584 1301 1669 1351 ipso

256 1366 442 1409 tempore,
474 1370 551 1408 quo
573 1370 707 1408 paceni
729 1358 775 1396 ab
800 1358 983 1396 Romanis
1004 1357 1195 1409 petebant,
1218 1359 1401 1409 Dolopiae
1422 1365 1536 1410 atque
1551 1358 1671 1396 Atha-

217 1422 236 1452 7
257 1415 405 1453 maniae
436 1414 581 1453 bellurn
607 1415 835 1452 inferebant.
885 1422 1039 1453 senatus
1064 1415 1287 1453 consultum
1307 1416 1347 1453 in
1368 1416 1428 1454 Μ’.
1453 1414 1560 1454 Acilii
1579 1426 1671 1452 sen—

255 1472 424 1517 tentiani,
450 1471 516 1521 qui
529 1471 763 1509 Antiochum
777 1471 1010 1521 Aetolosque
1025 1471 1226 1515 devicerat,
1248 1474 1390 1510 fanetum
1405 1478 1471 1510 est.
1493 1477 1535 1511 ut
1548 1470 1674 1509 Aetoli

255 1541 301 1566 eo
336 1528 395 1566 die
427 1527 656 1565 iuberentur
687 1527 879 1577 proficisci
901 1527 947 1565 ab
973 1527 1068 1566 urbe
1091 1534 1127 1565 ct
1146 1528 1245 1566 intra
1269 1528 1449 1578 quintum
1473 1528 1671 1566 decimum

254 1673 345 1704 mehr
373 1672 582 1704 dichterisch.
608 1690 650 1694 -ψ
669 1675 810 1703 rumoris
841 1673 931 1703 steht
999 1673 1179 1708 firmio&
1209 1673 1326 1710 καλῶς
1353 1672 1445 1718 πρὸς
1476 1671 1560 1709 τοὺς
1588 1670 1672 1707 Ρω-

253 1718 313 1749 mit
330 1717 529 1749 Nachdruck
548 1728 662 1748 vorun.
681 1736 723 1739 —
741 1720 867 1758 adfirm.
887 1735 932 1740 --
1003 1722 1114 1750 metor·
1120 1730 1136 1755 ς
1152 1720 1305 1763 noaffi
1306 1729 1369 1751 ιτα
1385 1715 1593 1758 διεξιόντων
1606 1724 1668 1751 etc.

253 1767 315 1805 sit,
358 1764 405 1795 sie
447 1763 511 1794 soll
552 1763 643 1794 nicht
678 1763 728 1794 als
769 1763 932 1803 bestiitigt
1001 1781 1044 1785 —
1068 1766 1194 1803 vio-,tut
1231 1766 1292 1805 33,
1328 1766 1365 1803 6,
1391 1766 1429 1803 6·
1467 1765 1508 1796 ib.
1543 1767 1601 1805 11,
1640 1768 1670 1800 8.

254 1810 441 1850 augesehen
453 1809 596 1847 werden,
608 1808 702 1840 keine
715 1808 931 1849 Best'atigung
1000 1827 1042 1831 ——-
1067 1812 1102 1840 in
1128 1811 1184 1841 Ph.
1210 1811 1295 1848 bello,
1323 1812 1376 1849 35,
1402 1813 1457 1851 47,
1482 1813 1519 1844 4:
1544 1814 1579 1842 in
1597 1812 1672 1843 bello

256 1855 407 1886 erhalten
450 1854 607 1895 dadin-ch,
648 1854 722 1885 dass
756 1854 809 1885 ich
842 1858 931 1886 etwu

255 1900 340 1931 mich
353 1899 407 1931 fiir
420 1899 563 1931 dieselbe
574 1899 735 1936 erkl‘arte,
752 1910 776 1932 s.
788 1898 888 1942 praef.
899 1901 929 1932 6.

302 1965 371 2004 49.
415 1966 672 1999 Gesandtschaft
698 1968 756 1999 der
782 1967 930 1999 Aetoler.

254 2013 347 2044 Diod.
375 2014 429 2053 29,
463 2014 512 2045 12.

305 2082 400 2113 1⁴4.
428 2082 538 2111 Aetoli
561 2083 591 2120 L,
618 2080 682 2111 uie
708 2091 734 2111 c.
755 2082 808 2120 45,
839 2083 876 2120 63
905 2093 929 2113 s.

254 2136 280 2156 c.
307 2128 361 2165 40,
388 2126 406 2158 S
435 2128 533 2165 Mysi.
561 2137 590 2157 u.
616 2136 664 2165 a.;
701 2125 751 2157 dic
778 2126 930 2168 Seudung

255 2169 396 2211 erfolgte
417 2171 499 2202 uach
518 2172 590 2202 dem
606 2170 929 2204 XVaffenstillstande

254 2227 281 2248 c.
309 2219 339 2255 7,
359 2219 396 2255 73
415 2217 473 2247 der
492 2215 512 2256 ξ
539 2218 623 2249 1-7
640 2215 717 2257 folg.
736 2217 869 2248 Bericht
885 2218 929 2249 ist

254 2262 321 2292 wol
341 2272 399 2293 aus
422 2260 537 2304 Polyb.
556 2272 754 2302 genonnnen.
769 2280 811 2283 —
825 2275 929 2302 causa,

255 2319 279 2338 s.
306 2317 332 2338 c.
372 2309 407 2346 1,
442 2309 472 2340 2.
499 2325 543 2329 ——
566 2310 675 2346 culpae
699 2322 724 2339 θ’.
747 2311 869 2347 errori,
903 2321 918 2339 5

255 2352 335 2384 iiber
366 2353 426 2384 den
450 2352 551 2384 Dativ
577 2354 608 2387 ὓ.
648 2355 700 2391 23,
741 2355 798 2385 11;
835 2357 932 2386 aetati

254 2410 329 2429 sacae
352 2401 475 2430 «veniam,
492 2405 621 2438 petere,·
656 2399 722 2439 vgl.
750 2401 781 2437 7,
809 2400 862 2433 20,
890 2401 926 2432 2:

254 2446 297 2474 ad
315 2446 480 2482 petendam
503 2446 622 2475 erroris
649 2447 791 2482 vem'am;
817 2444 926 2475 Diod:

254 2489 326 2521 τῶν
359 2507 402 2510 —-
437 2490 669 2535 πρεσβευτῶν
704 2508 747 2512 -
781 2487 825 2522 τὰ
852 2492 927 2527 τοῖς

999 1857 1185 1894 Laconum
1209 1866 1234 1887 c.
1257 1858 1310 1894 53,
1337 1858 1379 1889 24
1404 1867 1433 1887 u.
1452 1866 1492 1894 a.,
1525 1856 1671 1897 dagegeu

1000 1902 1215 1942 e.54,14;3:
1240 1903 1396 1933 Antiochi
1406 1903 1501 1940 besto,-
1526 1902 1579 1939 38,
1601 1904 1631 1943 8,
1652 1904 1670 1934 7

1000 1957 1029 1977 u.
1055 1957 1080 1977 5.
1106 1956 1146 1977 w.
1170 1964 1211 1968 ——
1228 1954 1330 1979 vetera
1360 1959 1384 1979 e.
1408 1949 1476 1987 obl„
1510 1949 1539 1986 3,
1567 1950 1619 1987 59,
1641 1948 1671 1979 3.

999 2009 1042 2013 —
1067 1994 1155 2023 haud
1172 2003 1205 2030 p.
1232 2002 1292 2032 gar
1316 1992 1406 2023 nicht
1422 1992 1542 2034 wenig,
1569 1994 1623 2034 41,
1638 1994 1670 2032 2,

1001 2039 1029 2069 5.
1056 2055 1099 2059 —
1123 2039 1248 2077 quibus,
1274 2037 1333 2077 sie,
1359 2039 1480 2072 denen:
1512 2038 1672 2070 wahrend

999 2082 1106 2114 ihuen.
1125 2101 1167 2104 —-
1185 2085 1346 2123 interro-rs„
1374 2094 1399 2114 c.
1418 2085 1445 2124 1,
1472 2085 1502 2116 3.
1518 2095 1670 2123 —perm.

998 2129 1075 2167 arb„
1103 2130 1156 2167 37,
1191 2131 1220 2162 7,
1251 2130 1278 2161 1.
1297 2131 1521 2166 —Ancioclzi,
1548 2131 1668 2169 35,31‚

999 2176 1038 2215 4,
1076 2175 1136 2207 23,
1175 2176 1234 2214 14,
1269 2177 1304 2207 7:
1338 2176 1455 2214 plebem
1480 2177 1674 2206 Hannibali-s-

997 2230 1079 2258 θέσθω
1103 2218 1213 2250 Diod..
1207 2231 1213 2236 ·
1241 2216 1324 2257 τοὺς
1348 2219 1541 2257 Αἰτωλοὺς
1567 2217 1671 2253 ἀντέ-

994 2276 1078 2306 χειι
1123 2276 1152 2296 τ
1151 2276 1200 2301 εις
1246 2264 1336 2297 κατὰ
1381 2263 1444 2297 τὸν
1483 2263 1672 2307 Ἀντίοχοι

997 2310 1145 2342 ἐλπίσω
1166 2307 1354 2362 ἆπράκτοι
1358 2323 1375 2348 ς
1390 2307 1603 2344 &onerati-62¹
1621 2313 1671 2348 εἰς

997 2352 1062 2395 ἰὴι
1087 2351 1257 2388 mlada.
1285 2374 1328 2378 —
1352 2368 1376 2388 c.
1404 2358 1543 2388 haudd.
1571 2359 1667 2397 Ιι.,1;.

1001 2402 1058 2439 11,
1097 2403 1125 2432 7
1161 2402 1367 2441 --fcssoces
1408 2402 1470 2441 38,
1506 2406 1542 2441 9,
1574 2404 1669 2434 1.-

995 2449 1129 2484 αεεεοιῑῖἾ
1161 2446 1300 2486 absolut,
1339 2448 1369 2483 ),
1397 2449 1450 2484 45,
1477 2448 1576 2479 9.-
1602 2449 1667 2479 Do-

995 2494 1054 2529 lop.
1090 2492 1271 2523 σπι-,1115151
1304 2490 1363 2523 aul
1395 2492 1452 2524 das
1479 2494 1665 2531 38,1-3
