1715 2723
98 103 130 122 a.
151 96 201 123 ch.
224 95 282 121 191.

491 101 494 103 ’
516 96 641 130 LIBER
670 97 832 131 XXXVI.
858 97 949 130 CAP.
976 99 1030 132 24.
1048 100 1103 133 25.

1422 160 1425 164 λ
1442 99 1523 142 129

101 212 241 241 eorum
271 199 464 238 montium
494 207 597 247 sunt,
629 206 671 240 ut
700 213 747 239 ex
781 201 922 240 vertice
952 201 1070 240 altero
1092 201 1216 240 conici
1236 201 1308 240 tela
1328 201 1369 241 in
1392 214 1521 241 arcem

102 256 265 308 possint,
293 268 383 295 cum
409 256 564 295 dimidia
595 263 702 308 parte
732 257 896 296 militum
928 258 1065 296 consul
1093 257 1139 296 ab
1168 257 1263 297 urhe
1285 270 1520 298 escensurus

99 314 141 353 in
163 325 292 351 arcem
315 312 470 363 signum
491 313 538 352 ab
559 313 615 360 iis,
642 313 708 363 qui
730 313 777 351 ab
800 319 907 364 tergo
929 314 969 352 in
992 326 1130 364 rupem
1147 314 1299 353 evasuri
1309 321 1428 362 erant,
1450 328 1519 354 ex-

101 369 287 421 pectabat.
321 381 401 407 non
424 370 545 408 tulere
565 369 631 420 qui
649 369 690 408 in
712 381 799 408 arce
819 375 928 408 erant
946 370 1070 409 Aetoli
1084 371 1255 421 primum
1270 384 1421 419 eorum,
1445 383 1497 423 qu
1542 379 1584 413 10

99 437 241 476 rupem
264 432 454 476 ceperant,
476 426 695 472 clamorem,
715 425 852 464 deinde
871 426 1060 476 impetum
1075 426 1121 464 ab
1134 426 1230 465 urbe
1240 428 1513 467 Romanorum

100 488 139 521 et
170 482 297 520 fractis
324 482 400 521 iam
430 482 567 521 animis
597 487 634 520 et
663 482 767 520 nulla
796 481 849 521 ibi
878 488 1100 533 praeparata
1130 496 1172 521 re
1199 483 1245 522 ad
1271 483 1513 524 obsidionem

102 538 246 578 diutius
272 539 520 585 tolerandam,
552 544 682 588 utpote
714 539 954 589 congregatis
978 539 1131 577 feminis
1151 540 1362 590 puerisque
1385 547 1421 579 et
1439 541 1516 580 1111-
1539 549 1578 581 11

103 594 191 634 belli
212 595 281 633 alia
303 594 412 633 turba
430 595 471 633 in
490 606 629 641 arcem,
652 606 751 645 quae
773 595 836 633 vix
857 607 1005 645 capere,
1028 595 1173 633 nedum
1190 596 1289 634 tueri
1301 597 1518 636 multitudi-

103 664 195 690 nem
225 656 366 689 tantam
396 656 538 702 posset.
582 651 709 701 itaque
730 651 777 689 ad
798 651 971 702 primum
991 651 1181 702 impetum
1213 651 1369 691 abiectis
1400 654 1518 692 armis

97 707 334 746 «dediderunt
363 719 459 745 sese.
497 706 656 746 traditus
687 708 786 746 inter
816 713 964 746 ceteros
990 708 1172 758 princeps
1193 707 1421 747 Aetolorum
1442 710 1519 748 Da·
1541 717 1580 749 12

99 763 289 802 mocritus
311 769 378 809 est,
399 764 465 814 qui
486 764 676 815 principio
699 763 787 803 belli
810 764 1010 803 decretum
1021 764 1261 811 Aetolorum,
1285 777 1362 815 quo
1386 778 1518 804 accer-

101 819 269 858 sendum
289 820 524 859 Antiochum
554 827 797 867 censuerant,
829 821 871 859 T.
894 821 1075 868 Quinctio
1103 821 1279 871 poscenti
1299 822 1518 872 responde-

102 881 171 923 rat,
197 876 238 915 in
261 876 364 915 Italia
393 876 586 924 daturum,
617 889 707 916 cum
728 882 849 916 castra
872 876 924 916 ihi
945 877 1067 917 Aetoli
1089 878 1324 928 posuissent.
1355 877 1404 917 ob
1435 891 1519 918 eam

102 933 287 971 ferociam
309 932 432 972 maius
451 933 661 973 victoribus
683 934 867 984 gaudium
886 934 1048 973 traditus
1071 934 1154 972 fuit.

215 989 363 1028 Eodem
384 995 571 1040 tempore,
597 1002 675 1040 quo
696 991 862 1030 Romani
878 991 1114 1037 Heracleam,
1136 990 1337 1041 Philippus
1347 991 1517 1030 Lamiam
1537 999 1597 1042 25

101 1057 148 1083 ex
169 1046 385 1096 composito
407 1046 667 1097 oppugnabat,
690 1047 789 1085 circa
810 1047 1091 1098 Thermopylas
1115 1059 1202 1085 cum
1226 1048 1386 1086 consule
1402 1048 1517 1087 rede-

102 1106 196 1140 unte
227 1113 271 1139 ex
292 1102 460 1149 Boeotia,
492 1109 533 1141 ut
553 1103 751 1142 victoriam
772 1103 845 1154 ipsi
860 1104 1085 1154 populoque
1105 1104 1282 1142 Romano
1305 1105 1517 1155 gratulare-

100 1163 165 1196 tur
195 1163 485 1208 excusaretque,
517 1159 623 1209 quod
654 1159 793 1198 morbo
814 1160 1023 1210 impeditus
1044 1160 1143 1198 bello
1166 1172 1247 1198 non
1266 1160 1516 1207 interfuisset,

99 1225 348 1265 congressus.
378 1214 468 1253 inde
489 1215 631 1254 diversi
653 1216 699 1254 ad
722 1216 817 1254 duas
840 1216 956 1255 simul
976 1216 1257 1267 oppugnandas
1279 1217 1396 1256 urbes
1419 1230 1516 1268 pro-
1537 1232 1557 1264 2

99 1271 199 1309 fecti.
240 1271 433 1309 intersunt
454 1277 600 1322 septem
624 1274 747 1310 ferme
769 1272 869 1311 milia
890 1285 1098 1323 passuum,
1127 1278 1163 1311 et
1178 1273 1266 1323 quia
1281 1273 1412 1312 Lamia
1427 1286 1517 1312 cum
1537 1286 1557 1318 3

99 1327 224 1377 posita
236 1333 293 1366 est
313 1327 353 1365 in
374 1328 536 1374 tumulo,
549 1334 632 1367 tum
652 1328 853 1379 regionem
875 1329 1042 1367 maxime
1057 1329 1172 1367 Oetae
1191 1335 1347 1380 spectat,
1371 1330 1515 1380 oppido

101 1395 218 1434 quam
238 1383 355 1422 breve
377 1383 621 1423 intervallum
642 1384 805 1432 videtur,
828 1391 864 1424 et
886 1385 1064 1424 omniain
1078 1392 1290 1436 conspectu
1303 1392 1406 1425 sunt.
1428 1399 1516 1425 cum
1535 1401 1557 1433 4

100 1516 322 1549 anschliessen
352 1518 475 1549 wiirde.
500 1536 544 1540 —
563 1521 669 1558 altero,
691 1522 775 1550 statt

100 1566 135 1596 in
171 1565 306 1595 alterum
330 1561 415 1604 folgt
441 1566 474 1595 in
503 1575 613 1595 arcem.
657 1582 699 1586 —
737 1566 775 1596 ab

100 1609 176 1640 urbe
216 1618 280 1638 von
319 1625 362 1629 -—
397 1608 473 1648 her3
512 1609 676 1640 zwischen
718 1610 775 1641 der

101 1652 198 1684 stadt
222 1652 285 1684 und
313 1653 373 1684 den
405 1652 664 1686 Trachinischen
694 1653 720 1685 F
724 1655 773 1686 el—

100 1708 168 1738 sen,
213 1698 283 1729 also
327 1699 410 1729 nach
446 1698 553 1731 Siiden
589 1710 676 1731 muss
720 1700 772 1731 die

100 1744 186 1784 Burg
212 1743 349 1784 gelegen
374 1743 490 1776 haben.

149 1791 290 1822 10—12.
317 1791 436 1828 deinde,
470 1790 530 1821 den
563 1788 684 1821 darauf
705 1788 770 1821 fol-

97 1834 234 1876 genden.
260 1852 304 1856 -—
327 1841 430 1874 utpote
454 1835 583 1866 erkliirt
614 1838 704 1867 nulla
727 1853 770 1857 ——

97 1891 142 1921 re,
181 1879 240 1911 init
276 1880 347 1911 dem
382 1880 446 1912 abl.
481 1881 548 1912 abs.
582 1881 770 1913 verbunden

98 1925 162 1957 wie
200 1927 230 1965 2,
272 1926 325 1965 33,
369 1926 406 1968 83
443 1927 496 1966 30,
543 1928 593 1966 10,
635 1927 683 1959 13.
728 1946 767 1949 κ-

96 1973 220 2011 decret„
252 1973 304 2009 35,
333 1972 385 2004 33.
411 1989 453 1993 ——
480 1974 588 2006 tradit.
603 1973 686 2013 fuit,
714 1972 771 2003 der

101 2015 259 2048 Umstand
286 2016 360 2048 dass
388 2035 430 2038 —
456 2017 698 2058 erregte,abe1·
718 2017 770 2049 die

98 2060 485 2103 Participialconstruct.,
524 2064 577 2102 35,
621 2065 671 2104 11,
722 2066 769 2104 10,

99 2107 179 2138 heht
206 2107 258 2138 die
283 2106 406 2138 Person
441 2108 521 2139 uach
552 2108 657 2140 ihren]
682 2108 770 2140 Ver-

98 2151 259 2183 h'ziltnisse
284 2152 434 2184 sch'zirfer
457 2153 589 2193 hervor,
614 2164 639 2185 s.
669 2156 722 2194 24,
739 2157 769 2195 5,

102 2199 159 2231 13:
185 2200 304 2229 Thraso
326 2201 521 2237 nominata-93
548 2200 578 2239 6,
605 2201 636 2239 2,
662 2202 769 2240 9345,

99 2243 153 2283 39,
182 2245 218 2283 73
244 2243 310 2284 vgl.
339 2245 392 2284 30,
423 2245 472 2282 12,
498 2245 527 2276 2.

146 2285 214 2324 25.
263 2288 567 2329 Unternehmungen
614 2288 769 2333 Philipps.

97 2332 226 2376 Appian
254 2333 330 2376 Syr.
362 2336 421 2375 213
452 2333 539 2366 Plut.
564 2333 629 2365 Tit.
658 2336 708 2368 15.

148 2380 243 2412 1—3.
274 2381 368 2420 Phil„
401 2391 426 2412 e.
456 2381 506 2413 14.
534 2397 576 2402 —
601 2391 637 2411 ecc
661 2391 769 2422 comp,

99 2425 183 2455 nach
208 2423 469 2457 Uebereinkunft
494 2425 553 2456 mit
585 2425 656 2456 dem
684 2426 770 2458 Con-

93 2469 160 2501 sul.
185 2487 228 2493 —
252 2483 289 2503 ex
316 2473 432 2511 Boeot„
458 2482 485 2502 c.
512 2473 565 2504 20.
595 2473 632 2511 43
658 2473 711 2513 22,
740 2475 769 2506 4.

99 2532 142 2536 ——
174 2518 344 2557 victoriam,
379 2528 404 2548 S.
439 2519 493 2557 45,
519 2518 585 2560 20,
625 2519 637 2549 1
674 2529 703 2551 u.
729 2529 768 2558 a.,

187 2576 241 2603 Tit.
258 2575 327 2603 mv.
346 2577 420 2605 vm.

844 1519 990 1560 dagegen
1023 1529 1048 1550 c.
1077 1521 1129 1557 35,
1155 1521 1212 1552 12:
1231 1521 1267 1551 de
1291 1521 1439 1560 victorz'a3
1461 1522 1515 1562 45,

844 1568 874 1605 3,
902 1566 940 1607 6;
966 1564 1008 1596 ib.
1037 1567 1091 1603 20,
1114 1568 1131 1597 7
1160 1576 1189 1596 u.
1209 1575 1238 1596 a.
1264 1583 1306 1586 —
1332 1566 1417 1605 bello,
1444 1565 1516 1597 dem

843 1610 901 1641 mit
937 1610 1130 1651 Antiochus,
1172 1620 1214 1641 an
1251 1610 1321 1641 dem
1358 1620 1395 1642 er
1428 1610 1518 1642 nicht

842 1655 1028 1698 persijnlich
1061 1655 1157 1687 Theil
1190 1665 1390 1696 genommen,
1432 1666 1457 1688 s.
1490 1666 1516 1687 c.

848 1702 906 1740 1ος
948 1703 998 1738 13,
1036 1702 1063 1741 1,
1099 1701 1179 1732 abor
1217 1702 1299 1732 nach
1325 1700 1346 1742 ξ
1379 1703 1397 1734 7
1434 1702 1517 1733 auch

840 1745 937 1777 keine
978 1745 1129 1789 Truppen
1161 1746 1333 1787 geschickt
1367 1747 1435 1778 hat.
1473 1765 1516 1769 —

838 1798 913 1831 sept.
928 1794 964 1834 f.
994 1803 1046 1832 m.‚
1070 1802 1132 1823 nur
1156 1796 1253 1824 etwa.
1276 1810 1313 1814 —
1340 1799 1368 1824 et
1386 1810 1428 1814 —
1445 1803 1514 1824 oum

840 1855 883 1859 --
912 1844 988 1877 tum,
1009 1848 1035 1869 o.
1064 1839 1118 1877 22,
1142 1840 1192 1871 10.
1212 1855 1256 1860 -
1271 1840 1414 1877 maxime,
1435 1848 1515 1869 vor-

840 1883 1040 1923 zugsweise,
1083 1883 1223 1924 gerade,
1271 1894 1308 1914 so
1357 1884 1431 1915 dass
1479 1894 1514 1916 es

839 1928 979 1960 leichter
1004 1939 1068 1960 von
1095 1928 1256 1960 Heraclea
1289 1939 1347 1960 aus
1372 1930 1514 1969 gesehen

841 1974 975 2006 werden
1006 1974 1147 2013 konnte,
1182 1984 1216 2006 es
1254 1974 1310 2015 lag
1343 1973 1513 2011 Heraclea,

841 2030 867 2050 c.
889 2021 942 2059 22,
968 2021 998 2057 4,
1025 2019 1223 2060 gegeffiiber,
1250 2019 1310 2051 auf
1324 2020 1408 2051 zwei
1425 2019 1515 2052 Vor-

839 2065 961 2106 bergen
987 2065 1042 2097 des
1073 2064 1210 2107 Othrys,
1244 2076 1285 2096 an
1322 2065 1380 2096 der
1409 2064 1515 2097 Nord-

839 2111 923 2143 seite
950 2111 1006 2142 des
1040 2110 1343 2153 Spercheosthales,
1375 2109 1400 2151 j.
1437 2110 1515 2143 Zei-

839 2156 921 2190 tuni,
949 2167 973 2188 s.
1001 2158 1053 2196 35,
1084 2158 1146 2199 4333
1174 2158 1226 2196 27,
1256 2158 1314 2196 303
1345 2157 1398 2195 32,
1426 2158 1515 2189 4.—

839 2204 951 2241 oppido
987 2213 1027 2243 q.,
1068 2201 1119 2233 die
1152 2200 1310 2233 Romiker
1342 2212 1371 2233 u.
1398 2200 1514 2233 Cicero

839 2247 1006 2279 brauchen
1038 2249 1170 2287 oppido,
1213 2247 1264 2278 die
1299 2246 1515 2288 Verbindung

838 2296 950 2333 oppido
985 2304 1088 2334 quam,
1127 2293 1209 2323 nach
1253 2292 1311 2323 der
1351 2292 1514 2333 Analogie

839 2349 902 2369 von
948 2350 1022 2371 sane
1060 2350 1177 2379 quam;
1210 2348 1363 2378 perquam
1404 2349 1434 2369 u.
1470 2339 1512 2378 11,,

838 2384 966 2416 scheint
995 2384 1065 2415 sich
1090 2394 1152 2414 vor
1171 2382 1206 2414 L.
1229 2383 1319 2414 nicht
1336 2394 1375 2414 zu
1395 2383 1511 2422 finden,

838 2440 863 2460 s.
890 2431 943 2469 39,
970 2432 1023 2469 47,
1051 2431 1088 2470 23
1122 2431 1246 2468 oppido,
1281 2430 1334 2463 42.
1371 2429 1423 2468 28,
1462 2429 1513 2469 13,

839 2476 923 2506 auch
954 2475 1007 2506 bei
1042 2474 1173 2505 vitruv.
1208 2485 1237 2505 u.
1274 2472 1410 2514 Gellius,
1448 2474 1515 2515 vgl-

841 2520 952 2561 Quint.
980 2522 1010 2560 8,
1038 2523 1068 2559 ὃ,
1095 2522 1147 2553 25.
