1715 2723
270 152 323 192 20
734 148 858 180 Lmen
875 147 1003 181 xxxr.
1032 147 1124 181 CAP.
1148 148 1195 180 11.
1519 164 1546 182 ..
1564 164 1590 182 u.
1605 155 1668 183 554.

271 266 360 292 cum
395 251 441 290 ad
478 263 564 290 eum
601 250 769 301 legiones
805 263 849 288 ex
884 249 1037 288 Etruria
1072 251 1277 306 venissent,
1314 249 1443 289 missis
1481 251 1520 289 in
1548 251 1670 290 vicem

270 320 404 348 earum
420 307 588 358 quinque
606 306 759 345 milibus
775 306 983 352 sociorum,
1002 318 1099 357 quae
1115 306 1269 344 interim
1285 306 1462 345 Etruriae
1478 306 1669 358 praesidio

270 368 412 411 essent,
433 363 741 414 proficisceretur
761 362 840 413 ipse
862 362 909 400 ad
930 362 1122 401 coloniam
1142 361 1380 400 liberandam
1401 362 1612 402 obsidione.

222 428 243 460 4
382 419 546 470 Legatos
581 420 675 457 item
710 418 921 457 mittendos
955 419 995 456 in
1020 418 1189 457 Africam
1225 423 1473 465 censuerunt,
1509 418 1670 457 eosdem

270 475 551 527 Carthaginem,
570 476 729 514 eosdem
746 475 785 513 in
801 474 1023 513 Numidiam
1040 474 1086 513 ad
1102 474 1362 512 Masinissam:
1388 474 1669 526 Carthaginem,

223 537 242 568 5
272 537 315 571 ut
330 532 565 577 nuntiarent,
583 531 703 570 civem
716 543 853 569 eorum
863 530 1119 569 Hamilcarem
1133 530 1309 569 relictum
1327 530 1366 568 in
1376 530 1672 570 Gallia—haud

271 588 363 627 satis
380 588 477 626 scire
494 601 540 626 ex
554 587 802 626 Hasdrubalis
823 587 929 638 prius
945 599 993 626 an
1013 600 1059 625 ex
1074 586 1245 637 Magonis
1261 591 1396 637 postea
1412 587 1584 626 exercitu
1601 608 1670 633 —,

224 649 243 681 6
272 643 416 683 bellum
453 648 588 683 contra
620 644 756 682 foedus
790 643 927 689 facere,
964 643 1154 681 exercitus
1183 642 1380 681 Gallorum
1408 642 1673 694 Ligurumque

272 699 455 739 excivisse
491 700 538 738 ad
572 712 677 738 arma
712 704 845 738 contra
879 699 1066 750 populum
1103 699 1343 738 Romanum:
1391 711 1494 745 eum,
1532 699 1564 738 si
1599 711 1673 750 pax

271 755 450 807 placeret,
478 756 738 794 revocandum
767 755 839 793 illis
872 760 911 794 et
940 755 1159 794 dedendum
1185 754 1331 806 populo
1361 755 1539 793 Romano
1576 766 1673 794 esse.

224 821 242 852 7
271 811 388 851 simul
408 812 586 850 nuntiare
607 811 711 857 iussi,
734 811 912 862 perfugas
940 811 1012 850 sibi
1042 823 1122 849 non
1143 811 1270 849 omnis
1300 811 1472 850 redditos
1500 823 1598 856 esse,
1630 822 1675 849 ac

270 879 452 918 magnam
479 873 629 918 partem
665 880 800 906 eorum
828 867 954 918 palam
977 867 1193 917 Carthagini
1229 867 1424 906 obversari
1452 867 1546 914 dici3
1575 878 1673 918 quos

222 933 242 964 8
271 923 549 973 comprehendi
571 923 823 973 conquirique
841 923 993 966 debere,
1019 928 1062 960 ut
1082 923 1156 960 sibi
1172 935 1218 960 ex
1232 923 1388 961 foedere
1406 923 1673 962 restituantur.

271 979 365 1016 haec
399 978 446 1017 ad
482 978 813 1028 Carthaginienses
849 978 1042 1016 mandata.
1093 977 1313 1016 Masinissae
1349 979 1531 1027 gratulari
1566 977 1672 1024 iussi,

222 1043 242 1074 9
272 1034 375 1084 quod
396 1045 475 1072 non
495 1034 663 1084 patrium
685 1034 802 1072 modo
823 1037 1092 1084 recuperasset
1112 1044 1288 1083 regnum,
1311 1033 1379 1071 sed
1398 1038 1505 1084 parte
1527 1034 1671 1072 floren-

270 1089 420 1128 tissima
443 1089 626 1140 Syphacis
655 1090 791 1127 finium
820 1089 966 1128 adiecta
994 1089 1109 1127 etiam
1138 1089 1318 1127 auxisset.
1359 1089 1538 1128 nuntiare
1559 1101 1673 1141 prae-

201 1153 243 1186 10
275 1151 377 1184 terea
397 1145 502 1191 iussi,
526 1145 667 1183 bellum
696 1158 784 1184 cum
806 1158 893 1196 rege
916 1145 1092 1196 Philippo
1113 1150 1354 1195 susceptum,
1387 1145 1491 1196 quod
1513 1145 1674 1184 Cartha-

271 1201 463 1252 ginienses
491 1201 639 1239 auxiliis
666 1201 837 1247 iuvisset,
874 1201 1109 1252 iniuriasque
1150 1201 1351 1239 inferendo
1388 1201 1502 1240 sociis
1541 1201 1676 1253 populi

272 1257 437 1296 Romani
466 1257 648 1307 flagrante
676 1257 774 1295 bello
806 1257 913 1296 Italia
943 1257 1131 1308 coegisset
1163 1258 1302 1296 classes
1333 1257 1603 1309 exercitusque
1635 1257 1676 1296 in

273 1313 471 1351 Graeciam
489 1313 602 1359 mitti,
625 1318 662 1351 et
677 1313 898 1352 distinendo
915 1313 1043 1364 copias
1060 1326 1173 1351 causa
1189 1313 1228 1352 in
1244 1313 1380 1364 primis
1396 1313 1535 1352 fuisset
1550 1313 1675 1352 serius

204 1375 242 1408 11
273 1368 312 1406 in
331 1368 499 1407 Africam
519 1369 738 1416 traiciendi,
759 1374 1011 1420 peterentque
1033 1374 1076 1407 ut
1096 1369 1142 1406 ad
1159 1369 1195 1407 id
1213 1370 1356 1408 bellum
1374 1370 1546 1408 mitteret
1566 1369 1678 1408 auxi-

271 1424 319 1463 lia
336 1424 590 1463 Numidarum
607 1425 794 1475 equitum.
825 1426 925 1464 dona
942 1425 1068 1476 ampla
1085 1425 1184 1471 data,
1203 1438 1300 1476 quae
1317 1425 1464 1464 ferrent
1478 1425 1570 1477 regi,
1589 1438 1677 1465 vasa

275 1523 462 1555 diichtniss-
487 1524 566 1555 oder
585 1522 830 1555 Schreibfehler
853 1528 934 1555 statt

1010 1524 1234 1562 unterstiitzt,
1259 1534 1284 1554 s.
1305 1523 1363 1563 30,
1385 1524 1442 1563 17,
1462 1526 1499 1562 83
1530 1524 1586 1564 12,
1611 1523 1677 1555 und

274 1568 395 1610 Far-to,
414 1579 441 1600 s.
460 1579 486 1599 c.
505 1568 542 1607 6,
562 1568 590 1599 2.
610 1587 652 1590 -
670 1570 703 1599 in
722 1570 797 1607 vic„
821 1579 861 1599 an
880 1569 936 1599 de-

1010 1568 1079 1599 sein
1103 1567 1208 1598 Reich
1236 1570 1452 1608 vergi-essert
1482 1568 1607 1600 hatten.
1633 1586 1679 1591 —

275 1622 335 1644 ren
352 1612 467 1654 Stelle,
486 1612 517 1652 3,
539 1613 588 1653 18,
607 1613 636 1644 9.
656 1632 699 1636 —-
715 1624 798 1654 qaae
816 1615 889 1652 int„
907 1624 933 1644 s.

277 1668 304 1688 c.
325 1657 356 1697 2,
375 1657 394 1688 9
408 1657 538 1700 palata.

324 1697 397 1742 11,
420 1702 529 1733 4-17.
568 1700 823 1733 Gesandtscbaft
857 1701 938 1732 nach

277 1745 403 1778 Afric-a.

322 1791 343 1821 4
356 1810 377 1813 -
393 1791 423 1821 7.
458 1790 593 1822 eosdem»
621 1809 642 1813 -
671 1790 802 1822 eosdem
836 1800 937 1830 unge-

279 1835 445 1866 wiihnlich
461 1839 543 1866 statt
560 1835 690 1866 eosdem
712 1854 733 1857 —
750 1838 799 1874 et,
818 1836 884 1875 vgl.
910 1835 939 1876 1,

281 1879 320 1910 13
332 1903 340 1919 ,
358 1879 392 1910 2;
410 1879 486 1909 Ιιίηε
503 1898 525 1901 -
541 1880 628 1910 hinc.
646 1897 688 1902 —-
706 1889 839 1920 eoram,
857 1890 937 1921 syn-

279 1923 359 1955 esis.
376 1942 419 1946 —
437 1925 523 1955 scire
548 1934 576 1954 n.
595 1935 647 1965 se,
671 1934 698 1955 s.
721 1924 754 1963 1,
773 1924 810 1963 9,
829 1925 848 1953 4
872 1924 939 1963 vgl.

280 1968 339 2010 23,
358 1969 416 2010 34,
433 1969 465 1999 4.
484 1987 525 1990 —
540 1970 639 2011 prius
662 1969 725 1998 und
745 1971 865 2011 postea
882 1978 940 2008 ge-

278 2013 379 2045 hiiren
398 2023 489 2044 zwar
505 2024 545 2043 zu
571 2013 741 2052 relictam,
766 2013 838 2044 sind
862 2013 941 2043 aber

277 2068 314 2089 so
348 2058 499 2098 gestellt,
533 2058 609 2089 dass
643 2058 690 2088 sie
721 2058 870 2098 zugleich
900 2068 939 2088 zu

277 2104 433 2134 eoeercita
451 2118 471 2128 z
489 2104 546 2143 qai
566 2104 665 2145 prius
684 2121 724 2125 Q
743 2105 800 2143 qai
819 2106 939 2145 postea

278 2150 405 2178 venerit
423 2157 569 2188 gezogen
588 2148 721 2177 werden
739 2147 877 2178 kijnnen.
896 2165 939 2170 —

238 2227 250 2237 .
278 2191 447 2234 Magonis,
465 2192 518 2231 28,
537 2192 597 2230 463
618 2192 671 2231 30,
688 2192 740 2222 21.
759 2211 802 2214 -«
821 2192 939 2223 bellam

279 2237 368 2278 faa,
388 2247 413 2268 s.
437 2237 470 2276 1,
490 2236 548 2276 32,
570 2237 626 2275 13,
646 2237 710 2277 vgl.
732 2236 824 2268 Caes.
845 2237 878 2268 B.
900 2236 938 2268 G.

282 2281 319 2320 3,
338 2281 397 2320 29,
422 2281 451 2313 3.
490 2300 519 2303 ——
544 2281 700 2323 dedend.,
725 2282 774 2312 als
798 2282 940 2313 hundes-

280 2326 428 2367 briichig,
447 2336 472 2357 s.
489 2326 518 2365 6,
537 2327 585 2366 17,
602 2327 631 2357 7.
650 2345 693 2349 —
708 2336 747 2357 ac
763 2337 879 2367 magn.
895 2337 941 2368 μ,

281 2380 308 2401 s.
335 2370 392 2410 25,
417 2370 476 2409 22,
504 2369 553 2401 13.
578 2389 621 2393 -—
646 2370 862 2413 Carthagini,
888 2371 941 2410 28,

282 2414 390 2453 26,1.
408 2433 452 2438 —
469 2416 613 2453 obversa,
637 2426 662 2446 s.
688 2416 746 2455 32,
765 2418 822 2454 (51,
843 2417 872 2447 4.
898 2434 941 2439 —

281 2469 328 2490 ea*
343 2459 449 2500 foed,
468 2459 520 2499 30,
539 2461 591 2498 37,
610 2462 639 2491 3.

329 2503 435 2535 8-10.
473 2505 664 2545 gratulari,
704 2505 854 2546 obgleich
887 2505 940 2536 die

281 2546 402 2578 Ramex·
416 2548 467 2579 ihn
484 2550 535 2580 bei
549 2550 607 2581 der
615 2549 941 2591 XViedereroMrung

1006 1615 1109 1655 parte
1130 1613 1225 1654 flor„
1252 1613 1312 1644 der
1330 1613 1500 1644 nb'rdliche
1525 1613 1589 1644 und
1607 1615 1679 1644 tist-

1012 1657 1097 1688 liche
1112 1657 1219 1697 Theil,
1234 1657 1415 1689 besonders
1431 1657 1525 1689 Cirta
1538 1658 1604 1689 und
1618 1658 1678 1688 das

1011 1701 1102 1732 Land
1132 1701 1164 1732 in
1189 1701 1301 1742 jenem
1324 1701 1441 1733 Theile
1469 1702 1679 1742 Numidicus,

1013 1756 1039 1777 s.
1057 1746 1110 1785 30,
1129 1746 1182 1785 44,
1204 1746 1258 1785 123
1277 1746 1357 1778 Sall.
1375 1745 1397 1777 Ι.
1419 1746 1469 1786 16,
1484 1747 1514 1778 5.
1535 1765 1576 1769 —
1594 1748 1683 1778 iussi

1012 1790 1145 1829 konnte,
1159 1791 1198 1821 da
1214 1791 1264 1821 ein
1279 1790 1570 1831 zweiterAuftrag
1582 1789 1679 1832 folgt,

1011 1835 1208 1866 wiederholt
1232 1836 1381 1875 werden,
1407 1835 1475 1875 vgl.
1495 1835 1556 1875 32,
1586 1836 1641 1875 11,
1659 1836 1679 1867 9
1713 1839 1715 1843 “

1011 1889 1041 1909 u.
1070 1889 1097 1909 a.
1123 1897 1167 1900 —
1190 1879 1347 1921 azcoeiliis,
1378 1890 1404 1911 s.
1437 1891 1464 1910 c.
1494 1880 1527 1917 1,
1554 1879 1590 1919 93
1620 1880 1678 1912 das

1013 1923 1176 1954 Biinduiss
1195 1924 1252 1954 mit
1271 1924 1433 1955 Hannibal
1451 1924 1495 1955 ist
1514 1924 1603 1956 nicht
1620 1925 1679 1956 be-

1014 1968 1139 1999 stimmt
1157 1969 1317 1999 erw'tihnt.
1337 1987 1379 1991 —
1398 1968 1595 2010 inferendo,
1624 1969 1677 2001 die

1013 2012 1088 2044 Zeit
1112 2013 1158 2044 ist
1180 2013 1281 2044 durch
1310 2014 1484 2055 flagrante
1509 2016 1537 2046 b.
1562 2014 1588 2045 I.
1612 2014 1678 2045 und

1013 2059 1179 2099 coegisset
1202 2058 1384 2097 bestimint,
1411 2068 1445 2089 es
1470 2058 1515 2089 ist
1538 2058 1610 2090 also
1635 2068 1677 2090 an

1013 2103 1071 2133 das
1090 2102 1144 2143 24,
1162 2103 1214 2141 40,
1234 2103 1381 2144 weniger
1398 2104 1454 2134 das
1475 2103 1532 2142 30,
1551 2103 1593 2134 42
1611 2103 1676 2135 Er-

1013 2148 1123 2178 z'ahlte
1147 2158 1186 2178 zu
1210 2148 1348 2179 denken.
1367 2166 1411 2170 —
1433 2148 1622 2189 flagrante,
1648 2158 1676 2180 s.

1016 2192 1073 2230 22,
1102 2192 1156 2230 13,
1186 2192 1240 2223 11;
1270 2203 1342 2223 eam
1368 2194 1481 2223 omnia
1504 2191 1586 2223 bello
1613 2192 1679 2234 fla-

1011 2239 1172 2278 grarent,
1197 2238 1262 2277 vgl.
1285 2237 1343 2277 26,
1365 2236 1422 2276 13,
1441 2238 1471 2268 7.
1490 2255 1534 2259 —
1550 2236 1679 2278 distin„
1702 2276 1703 2280 Ἰ

1015 2292 1042 2312 s.
1062 2281 1097 2320 3,
1117 2282 1175 2322 23,
1198 2282 1229 2313 1:
1254 2281 1500 2324 distenderent,
1519 2291 1587 2313 was
1605 2281 1678 2313 hier

1014 2331 1130 2367 gesagt
1144 2327 1187 2357 ist
1205 2327 1275 2367 galt
1289 2327 1488 2367 weuigstens
1508 2327 1598 2358 nicht
1611 2337 1678 2358 vou

1014 2372 1075 2402 den
1085 2372 1207 2403 letzten
1217 2370 1475 2412 Hriegsjahren;
1490 2372 1550 2403 der
1564 2371 1677 2403 wahre

1016 2414 1127 2447 Grund
1152 2417 1210 2447 der
1234 2416 1410 2457 Zo‘gerung
1441 2416 1486 2447 ist
1510 2416 1568 2456 28,
1593 2415 1675 2447 42ff.
1698 2444 1699 2447 ,

1014 2460 1200 2501 angeiiihrt.
1220 2480 1258 2484 —-
1279 2472 1392 2501 caasa,
1410 2461 1477 2500 vgl.
1498 2459 1552 2500 34,
1571 2460 1624 2500 39,
1643 2460 1674 2492 9.

1014 2525 1055 2527 —
1066 2508 1222 2548 peterent
1236 2506 1318 2537 nach
1330 2507 1499 2546 uicatim-e,
1513 2515 1538 2536 s.
1555 2515 1584 2536 c.
1600 2504 1631 2545 8,
1646 2504 1676 2537 S.

1014 2569 1056 2573 —
1080 2551 1212 2583 amvilia
1237 2550 1276 2583 N.
1289 2575 1296 2589 ,
1326 2551 1377 2582 die
1407 2549 1589 2582 bestanden
1619 2559 1678 2581 aus
