1715 2723
161 162 200 195 10

124 440 195 488 ,11

160 554 199 586 12

163 726 201 758 13

229 54 307 94 352
650 51 768 84 LIBER
788 51 950 85 xxxiv.
976 51 1070 84 cAP.
1087 52 1143 86 56.
1161 53 1215 85 57.
1479 72 1504 87 ..
1520 64 1624 90 ,1.561.

227 155 387 195 morbus
414 166 550 193 causae
578 159 726 202 essent,
757 166 834 206 quo
861 155 990 194 minus
1011 155 1239 202 militarent,
1268 168 1353 196 eam
1374 170 1457 197 rem
1478 158 1625 198 litterae

227 212 284 251 Ti.
309 210 530 262 Sempronii
556 211 839 258 discusserunt,
862 211 902 250 in
930 211 1070 263 quibus
1096 212 1285 263 scriptum
1312 218 1411 261 erat,
1442 214 1625 266 Ligurum

228 269 360 307 decem
378 267 481 306 milia
501 267 541 306 in
557 280 692 319 agrum
709 268 976 307 Placentinum
993 268 1141 307 venisse
1162 274 1201 307 et
1221 281 1309 308 eum
1330 282 1454 322 usque
1475 271 1522 310 ad
1544 271 1628 322 ipsa

228 323 397 363 coloniae
425 324 578 363 moenia
608 329 647 363 et
673 324 766 362 Padi
792 324 892 375 ripas
924 337 1012 364 cum
1043 325 1222 364 caedibus
1250 331 1288 363 et
1315 326 1501 366 incendiis
1535 339 1625 379 per-

227 380 431 431 populatos
448 393 551 428 esse,
569 381 751 420 Boiorum
770 393 925 432 quoque
942 386 1094 432 gentem
1113 382 1159 420 ad
1175 381 1423 422 rebellionem
1440 389 1627 435 spectare.

230 436 279 475 ob
299 449 363 475 eas
384 449 444 475 res
465 437 678 476 tumultum
700 449 783 476 esse
804 437 972 476 decrevit
991 443 1170 484 senatus3
1199 438 1378 478 tribunos
1404 439 1528 491 plebei
1547 451 1628 479 non

228 493 377 545 placere
401 506 533 533 causas
554 493 727 532 militaris
749 505 998 545 cognoscere,
1028 507 1105 545 quo
1127 494 1256 533 minus
1277 495 1322 533 ad
1345 495 1513 534 edictum
1534 508 1628 544 con-

228 549 434 589 veniretur.
475 550 697 589 adiecerunt
718 550 854 597 etiam,
883 556 926 589 ut
946 551 1039 590 socii
1060 551 1227 590 nominis
1249 551 1389 599 Latini,
1413 552 1478 603 qui
1499 552 1540 591 in
1561 564 1627 591 ex-

229 606 350 645 ercitu
372 606 413 645 P.
437 607 603 645 Cornelii
623 607 679 645 Ti.
703 607 923 658 Sempronii
952 608 1116 646 fuissent
1143 613 1181 646 et
1207 607 1354 647 dimissi
1384 609 1431 648 ab
1459 609 1504 647 iis
1533 620 1628 648 con-

228 663 375 702 sulibus
397 668 538 709 essent,
561 668 616 710 ut,
638 663 684 702 ad
707 676 821 714 quarn
844 664 945 702 diem
967 664 1008 702 L.
1027 664 1226 703 Cornelius
1243 665 1378 703 consul
1394 665 1577 704 edixisset
1591 669 1631 704 et

230 719 269 757 in
297 732 413 770 quem
441 719 570 758 locum
602 720 796 766 edixisset,
825 719 999 759 Etruriae
1020 721 1290 767 convenirent,
1323 726 1361 759 et
1386 721 1443 760 uti
1470 721 1511 760 L.
1535 722 1630 761 Cor-

229 775 353 814 nelius
375 776 511 814 consul
532 776 570 814 in
590 775 826 827 provinciam
846 776 1093 826 proficiscens
1113 777 1152 815 in
1174 777 1323 827 oppidis
1345 777 1534 828 agrisque,
1556 789 1632 828 qua

229 832 354 871 iturus
376 836 487 878 esset,
510 832 541 870 si
563 844 661 883 quos
683 832 717 870 ei
737 832 943 878 videretur,
966 832 1107 870 milites
1129 833 1313 871 scriberet
1334 838 1577 884 armaretque
1592 838 1633 872 et

230 888 388 926 duceret
409 900 562 934 secum,
585 887 880 939 dimittendique
901 888 954 934 ei,
979 901 1075 940 quos
1096 901 1232 927 eorum
1255 890 1485 941 quandoque
1507 889 1629 936 vellet,

230 944 289 983 ius
311 948 425 983 esset.

343 1000 554 1052 Postquam
573 1000 749 1039 consules
767 999 908 1040 dilectu
919 1000 1051 1040 habito
1067 1000 1230 1052 profecti
1245 1001 1285 1040 in
1296 1001 1512 1053 provincias
1529 1006 1631 1048 sunt,

231 1061 315 1095 tum
336 1057 380 1095 Τ.
403 1057 606 1103 Quinctius
628 1057 854 1108 postulavit,
884 1062 927 1096 ut
954 1057 999 1095 de
1021 1057 1087 1104 iis,
1112 1070 1208 1109 quae
1237 1070 1325 1096 cum
1348 1058 1480 1097 decem
1501 1059 1633 1110 legatis

232 1113 312 1165 ipse
339 1114 555 1159 statuisset,
584 1119 741 1153 senatus
769 1110 918 1152 audiret
945 1126 1086 1165 eaque,
1112 1114 1143 1153 si
1172 1114 1378 1161 videretur,
1407 1115 1633 1154 auctoritate

233 1182 301 1209 sua
323 1170 588 1222 confirmaret:
611 1170 647 1208 id
670 1183 737 1209 eos
760 1170 908 1209 facilius
928 1170 1110 1217 facturos,
1132 1170 1163 1209 si
1184 1171 1397 1222 legatorum
1418 1171 1544 1218 verba,
1568 1171 1634 1222 qui

235 1239 279 1265 ex
300 1226 479 1265 universa
501 1226 658 1266 Graecia
687 1232 724 1265 et
745 1238 881 1278 magna
902 1232 1008 1278 parte
1029 1227 1138 1266 Asiae
1162 1227 1305 1279 quique
1326 1227 1372 1265 ab
1393 1228 1546 1278 regibus
1567 1240 1634 1267 ve-

233 1283 394 1329 nissent,
418 1282 628 1322 audissent.
662 1295 727 1321 eae
746 1283 954 1334 legationes
976 1296 996 1322 a
1013 1283 1052 1322 C.
1071 1283 1270 1323 Scrihonio
1291 1289 1468 1335 praetore
1484 1284 1633 1323 urbano

235 1432 474 1472 untersuehen,
503 1433 567 1464 und
592 1434 650 1464 der
673 1432 774 1464 Senat
798 1432 818 1474 ξ
845 1433 901 1464 11:

232 1488 298 1509 non
320 1477 454 1520 placere
483 1477 622 1509 erkennt
646 1477 698 1508 ihr
721 1476 825 1509 Recht
849 1488 901 1517 an,

235 1522 384 1564 obgleich
411 1523 564 1554 dasselbe
594 1523 676 1554 nach
703 1522 763 1562 42,
792 1522 850 1564 32,
881 1523 899 1554 7

233 1567 367 1608 streitig
383 1577 464 1599 war.
489 1585 532 1590 —
556 1569 698 1600 emerita
713 1569 774 1605 st.,
793 1568 828 1609 4,
847 1567 902 1608 60,

234 1614 271 1651 4,
287 1612 564 1644 wahrscheinlich
583 1623 695 1644 waren
713 1612 800 1644 viele
824 1623 901 1644 aus-

235 1658 398 1699 gehoben,
421 1658 473 1689 die
491 1658 523 1689 in
539 1658 600 1689 den
617 1658 735 1698 langen
753 1655 901 1698 Hriegen

234 1703 358 1735 bereits
372 1703 444 1734 ihre
457 1702 901 1743 gesetzlicheAnzatheld-

235 1749 315 1790 ziige
328 1749 478 1789 gemacht
492 1749 616 1780 hatten.
630 1766 673 1772 —
686 1759 821 1787 causae,
836 1748 901 1780 Da—

234 1794 292 1835 tiv,
311 1793 364 1830 38,
383 1794 436 1833 52,
455 1794 489 1824 3:
510 1793 902 1835 Verhinderungsgrund,

234 1839 335 1870 daher
347 1838 367 1880 ξ
378 1839 390 1869 1
403 1839 413 1868 1
427 1850 434 1869 z
448 1840 642 1879 quominus,
658 1839 738 1870 iiber
752 1839 803 1869 die
817 1838 902 1870 Con-

236 1887 404 1915 struct.'s.
424 1883 477 1922 24,
502 1884 558 1922 16,
578 1884 636 1923 133
662 1885 715 1922 40,
737 1884 790 1922 26,
810 1885 839 1916 5.

283 1928 402 1959 10-13.
437 1927 550 1959 decem
567 1939 629 1967 m,
646 1929 712 1960 wol
731 1929 785 1960 ein
803 1929 902 1961 ande-

237 1983 289 2004 res
303 1972 390 2004 Heer
403 1972 454 2004 als
469 1973 583 2014 §2.—-
596 1973 756 2014 Placent„
771 1984 796 2005 S.
807 1985 834 2007 c.
846 1974 903 2012 223

236 2017 290 2058 33,
309 2018 362 2049 37.
387 2036 430 2040 —
453 2017 540 2049 Padi
555 2020 632 2061 rip„
650 2018 686 2049 L.
707 2019 836 2050 scheint
854 2019 903 2050 sie

236 2073 301 2094 von
334 2062 443 2094 Siiden
482 2063 653 2094 kommend
693 2074 733 2095 zu
765 2064 903 2104 denken,

238 2113 331 2140 sonst
353 2108 468 2139 hatten
491 2108 539 2140 sie
562 2109 633 2140 dem
658 2107 761 2140 Lause
784 2109 839 2140 des
857 2109 901 2140 Po

237 2152 345 2194 folgen
365 2153 503 2184 konnen.
528 2172 569 2176 —
599 2154 723 2193 Boion,
741 2154 904 2193 ungeach-

235 2203 284 2230 tet
300 2199 358 2229 des
372 2197 487 2239 Sieges
505 2209 532 2231 c.
548 2199 653 2230 47.-
671 2199 804 2230 tzmmlt.
819 2210 903 2240 esse,

236 2243 289 2274 bei
317 2244 387 2274 dein
416 2243 469 2275 die
494 2244 683 2275 vacationes
713 2243 903 2284 aufhiirtcn,

237 2289 301 2320 und
323 2289 381 2320 das
405 2287 425 2330 ξ
447 2288 485 2320 13
508 2288 743 2320 heschriebene
761 2287 903 2322 Versan-

238 2343 296 2364 ren
315 2334 457 2373 eintrat‚
475 2344 502 2365 s.
521 2334 574 2373 32,
595 2334 647 2372 26,
665 2334 684 2365 9
704 2332 724 2365 f.
743 2352 786 2356 —-—
810 2344 902 2366 caus.

237 2379 304 2410 mil.
317 2403 325 2416 ,
357 2379 552 2419 allgemeine
586 2379 811 2419 Bezeirhnung
844 2379 903 2410 der

238 2423 452 2455 Hindernissc
477 2424 534 2456 des
557 2422 838 2465 Rriegsdienstes.
859 2442 902 2446 -—

238 2471 275 2499 ut
293 2487 311 2491 —
328 2471 383 2509 ut,
401 2479 427 2501 s.
447 2468 479 2509 8,
498 2470 528 2510 6,
550 2470 609 2508 143
633 2469 688 2511 22,
708 2470 757 2509 11,
775 2470 795 2500 4
812 2479 844 2501 u.
863 2479 903 2510 a.,

974 1433 1040 1473 vgl.
1060 1432 1096 1472 9,
1115 1433 1168 1473 30,
1187 1434 1217 1465 6.
1242 1451 1286 1456 —-
1308 1444 1373 1475 qua
1388 1435 1469 1465 itur.
1487 1444 1565 1474 ess.,
1583 1434 1637 1474 40,

974 1479 1032 1517 26,
1051 1478 1081 1509 6.
1098 1496 1143 1502 —
1164 1480 1292 1520 siquos
1316 1489 1344 1508 n.
1364 1479 1530 1518 scribere,
1555 1478 1638 1509 doch

972 1523 1017 1555 ist
1040 1522 1092 1554 die
1116 1523 1414 1555 Ausdrucksweise
1436 1523 1638 1564 ungewo'hn-

972 1568 1049 1607 lich,
1067 1573 1160 1599 sonst
1178 1568 1278 1600 findet
1296 1568 1366 1599 sich
1384 1579 1446 1600 nur
1463 1569 1521 1600 das
1539 1568 1638 1600 Rela-

972 1613 1086 1655 tivum,
1105 1624 1130 1644 s.
1150 1613 1201 1654 31,
1219 1613 1249 1654 3,
1268 1613 1305 1651 23
1324 1613 1377 1650 33,
1397 1613 1438 1645 26
1456 1614 1475 1645 3
1492 1624 1524 1644 u.
1542 1623 1589 1652 a.3
1608 1615 1641 1645 si

973 1660 1031 1700 qui
1050 1659 1189 1690 vertritt
1211 1659 1262 1690 ein
1279 1658 1637 1699 verallgemeinerndes

972 1703 1120 1741 Relativ,
1146 1714 1172 1735 s.
1191 1714 1218 1735 c.
1241 1704 1294 1744 50,
1312 1703 1342 1744 3,
1365 1703 1432 1744 vgl.
1451 1704 1511 1743 44,
1530 1703 1583 1744 29,
1601 1704 1637 1735 4:

970 1751 1210 1793 praeterquam
1236 1750 1268 1780 si
1289 1750 1360 1791 quz‘3
1390 1748 1449 1789 38,
1472 1749 1527 1788 11,
1545 1749 1576 1781 4.
1595 1767 1638 1772 -—

972 1794 1108 1834 (limita,
1123 1804 1192 1825 was
1209 1798 1304 1826 sonst
1321 1804 1382 1825 nur
1399 1794 1481 1825 nach
1498 1794 1558 1825 der
1569 1793 1639 1825 An·

975 1840 1125 1880 ordnung
1141 1839 1198 1870 des
1216 1839 1335 1871 Senats
1351 1839 1504 1880 geschah.

1021 1900 1174 1939 57-59.
1205 1906 1483 1948 Verhandlungen
1499 1906 1561 1938 mit
1576 1906 1638 1937 den

977 1951 1165 1984 Gesandten
1197 1952 1254 1984 des
1286 1950 1410 1993 litinigs
1443 1951 1635 1983 Antiochus.

977 1997 1069 2029 Diod.
1088 1997 1152 2028 Sic.
1171 1997 1223 2039 28,
1244 1997 1301 2036 163
1320 1996 1457 2040 Appian.
1475 1996 1551 2040 Syr.
1571 1996 1601 2028 6.

1023 2062 1107 2094 1-3.
1142 2073 1225 2104 quae
1241 2082 1262 2085 -
1279 2065 1376 2102 stat„
1395 2067 1489 2094 sonst
1503 2064 1594 2104 aeta,
1611 2072 1638 2094 s.

976 2108 1036 2146 26,
1055 2107 1091 2138 31
1105 2132 1113 2147 ,
1134 2108 1191 2146 103
1221 2107 1274 2139 die
1292 2107 1555 2148 Bestimmungen
1572 2117 1641 2139 wa-

976 2163 1032 2184 ren
1051 2152 1093 2183 im
1111 2152 1334 2194 Allgemeinen
1353 2163 1428 2184 vom
1445 2152 1565 2184 Senate
1582 2162 1641 2193 ge-

974 2198 1098 2237 macht,
1123 2198 1165 2229 im
1183 2198 1363 2229 Einzelncn
1381 2208 1453 2229 zum
1470 2197 1567 2229 Theil
1582 2197 1640 2229 ab·

976 2243 1135 2284 geiindert
1152 2244 1303 2283 worden,
1323 2253 1350 2275 s.
1370 2253 1398 2274 c.
1417 2243 1470 2282 50,
1489 2243 1526 2283 83
1550 2242 1603 2284 51,
1623 2242 1636 2274 1

976 2288 1014 2326 123
1035 2288 1087 2328 33,
1108 2288 1160 2328 31,
1178 2289 1209 2320 4.
1226 2308 1266 2311 --
1284 2291 1412 2320 auctor.
1430 2299 1470 2326 s.‚
1487 2298 1513 2319 c.
1534 2287 1588 2327 35,
1607 2287 1638 2319 2.

974 2351 1017 2356 ——
1030 2334 1151 2375 regib„
1164 2333 1354 2372 Antiochus,
1370 2332 1558 2364 Ptoleiniius
1575 2332 1640 2363 und

976 2377 1157 2420 Philippus,
1173 2389 1199 2409 s.
1213 2377 1306 2409 Diod.
1322 2378 1375 2409 l.l.
1389 2396 1432 2400 ——
1445 2380 1552 2419 praet.
1564 2377 1638 2409 urb.

975 2428 1056 2463 ete,
1081 2425 1121 2455 da
1145 2424 1194 2455 sie
1219 2433 1283 2454 von
1307 2423 1414 2454 einem
1442 2422 1639 2464 Magistrate

975 2468 1161 2509 eingeffihrt
1175 2468 1306 2500 werden
1320 2467 1469 2508 miissen;
1484 2469 1544 2500 der
1557 2467 1638 2499 Prii-
