1715 2723
104 104 130 122 a.
150 95 198 122 Ch.
219 96 277 122 193.

546 95 670 128 LIBER
691 96 837 129 xxxv.
864 94 955 128 CAP.
977 98 1026 129 13.
1052 98 1102 130 14.
1468 97 1522 138 23

63 224 71 231 -
107 199 281 245 credens,
311 199 491 245 eundem,
513 199 543 237 si
565 204 714 237 motum
735 197 880 236 bellum
902 204 1013 244 esset,
1036 211 1115 236 non
1139 198 1259 249 magis
1283 210 1416 248 parem
1438 199 1520 238 Ro-

105 255 228 294 manis
250 257 346 302 sole,
373 268 489 306 quam
509 255 710 305 Philippus
732 254 877 299 fuisset,
909 260 945 292 et
966 260 1031 292 aut
1050 254 1223 293 funditus
1247 254 1472 293 sublatum
1463 256 1520 301 lri,
1540 263 1558 294 8

104 318 180 358 ¹lut,
202 312 233 350 si
253 323 326 361 pax
350 311 449 350 victo
472 311 638 357 dar·,etul
659 310 778 348 multa
800 310 851 347 illi
881 310 1047 348 detracta
1070 310 1141 349 sibi
1162 323 1374 357 accessula,
1400 316 1440 349 ut
1462 313 1518 349 sa—

105 368 173 406 cile
195 367 332 406 deinde
356 380 395 405 se
418 367 464 406 ab
481 380 525 406 eo
550 367 631 405 sine
653 367 730 404 ullo
751 366 891 404 auxilio
914 367 1091 405 Romano
1113 367 1213 405 tueri
1235 373 1376 417 posset.
1408 367 1520 405 etiam
1539 380 1558 411 9

102 424 134 462 51
156 424 247 474 quid
270 424 420 462 adversi
445 435 626 461 casurum
650 424 760 467 foret,
787 422 903 460 satius
927 435 1010 460 esse
1032 423 1218 461 Romanis
1242 423 1357 461 sociis
1379 436 1519 473 quam-

103 492 272 530 cumque
293 482 490 518 fortunam
510 479 652 525 subire,
675 490 792 528 quam
813 478 938 515 solum
960 484 1025 516 aut
1038 478 1245 529 imperium
1255 479 1331 528 pati
1343 480 1521 519 Antiochi

106 541 172 574 aut
202 535 438 574 abnuentem
464 536 500 573 vi
520 541 633 585 atque
654 534 770 572 armis
794 534 898 584 cogi:
931 534 979 572 ob
1002 534 1107 581 haec,
1135 540 1324 584 quantum
1347 536 1517 574 auctori-
1542 545 1581 576 10

101 597 187 638 tate,
212 598 400 642 quantum
424 591 584 629 consilio
611 590 766 636 valebat,
789 590 970 628 incitabat
991 591 1188 629 Romanos
1212 590 1257 628 ad
1280 590 1436 629 bellum.

214 648 406 698 Sulpicius
430 660 541 697 aeger
560 647 736 697 Pergami
759 646 943 691 substitit,
970 647 1100 684 Villius
1123 658 1213 684 cum
1229 646 1396 692 ‚Pisidiae
1416 647 1515 685 bello
1541 646 1596 685 14

103 710 335 754 occupatum
365 716 448 742 esse
479 715 610 753 regem
637 703 815 748 audisset,
842 703 1040 752 Ephesum
1061 705 1272 753 profectus,
1303 702 1397 741 dum
1418 716 1516 753 pau-

104 772 170 806 cos
190 759 242 798 ibi
272 766 446 798 moratur
480 759 572 805 dies,
605 759 708 798 dedit
731 771 901 808 operam,
930 764 970 797 ut
992 772 1081 797 cum
1105 759 1327 804 Hannibale,
1353 760 1419 809 qui
1434 764 1518 797 tum
1538 768 1556 799 2

102 815 155 854 ibi
178 818 277 854 forte
299 822 389 861 erat,
413 828 525 866 saepe
547 816 860 866 congrederetur,
885 821 926 853 ut
948 816 1122 853 animum
1139 816 1449 865 eiustemptaret,
1471 821 1518 862 et,
1538 824 1556 855 :3

101 872 133 910 si
156 884 231 922 qua
252 878 394 922 posset,
426 878 571 910 metum
594 872 765 909 demeret
797 872 955 921 periculi
980 873 1189 922 quicquam
1213 872 1245 909 ei
1265 871 1310 909 ab
1330 872 1517 910 Romanis

102 940 197 966 esse.
233 928 278 966 iis
301 928 503 978 colloquiis
527 928 627 965 aliud
649 928 806 978 quidem
828 933 954 965 actum
979 929 1073 966 nihil
1095 935 1162 974 est,
1186 933 1362 966 secutum
1389 934 1516 966 tamen
1537 940 1557 971 4

102 996 171 1021 sua
203 990 341 1034 sponte
369 991 436 1029 est,
465 984 566 1022 velut
587 984 747 1022 consilio
770 984 929 1033 petitum
961 990 1071 1027 esset,
1103 991 1146 1023 ut
1169 985 1279 1022 vilior
1304 984 1353 1021 ob
1376 996 1418 1022 ea
1438 984 1518 1034 regi

101 1040 291 1079 Hannibal
312 1046 347 1079 et
370 1040 584 1090 suspectior
608 1040 653 1077 ad
676 1040 806 1078 onmia
827 1041 944 1077 lieret.

215 1097 416 1142 Claudius,
443 1102 598 1134 secutus
629 1097 795 1134 Graecos
822 1096 1012 1133 Acilianos
1041 1095 1182 1141 libros,
1214 1096 1255 1133 P.
1289 1097 1515 1135 Africanum
1537 1110 1555 1140 5

99 1153 139 1190 iu
162 1165 204 1190 ea
228 1153 346 1190 fuisse
367 1152 552 1202 legatione
568 1152 691 1197 tradit,
712 1164 881 1201 eumque
894 1152 1038 1201 Ephesi
1052 1152 1287 1190 collocutum
1305 1153 1513 1190 6111111161]-

101 1208 236 1255 nibale,
260 1214 528 1246 etsermonem
543 1220 667 1246 unum
678 1208 788 1245 etiam
803 1209 941 1245 refert:
965 1208 1165 1257 quaerenti
1177 1208 1372 1253 Africano,
1397 1221 1513 1258 quem
1535 1219 1555 1250 6

100 1264 219 1302 fuisse
249 1265 462 1302 maximum
493 1265 768 1314 imperatorem
800 1263 990 1301 Hannibal
1019 1264 1212 1309 crederet,
1254 1264 1515 1314 respondisse,

98 1320 361 1359 Alexandrum
385 1320 642 1359 Macedonum
663 1332 806 1370 regem,
836 1320 941 1370 quod
964 1332 1082 1370 parva
1107 1332 1223 1358 manu
1247 1320 1514 1359 innumerabi-
1536 1326 1553 1355 7

96 1508 354 1549 vorangestellt:
398 1520 508 1550 reqem,
547 1515 633 1540 tamo
674 1520 769 1549 quam
840 1508 871 1539 in
892 1508 1074 1540 Riicksicht
1101 1507 1161 1540 auf
1184 1509 1250 1540 alle
1270 1508 1421 1541 Zwecke.
1448 1509 1516 1541 Zur

95 1557 160 1593 ipse
185 1560 259 1586 esset
277 1557 332 1593 (τε
353 1557 449 1586 multo
474 1554 518 1594 se)
540 1561 668 1594 potent„
690 1566 768 1595 yra-

95 1611 160 1631 vem
199 1610 261 1630 aec.
304 1602 408 1639 cred„
441 1602 470 1630 si
495 1611 563 1638 pax:
602 1606 686 1631 esset.
726 1617 769 1621 —-

94 1646 235 1680 eundem,
273 1644 492 1676 andererseits
536 1645 648 1675 wiirde
693 1645 769 1675 der—

96 1689 198 1728 selbo,
225 1700 249 1720 s.
276 1691 329 1725 2-1,
357 1692 410 1730 22,
440 1692 468 1721 5.
497 1709 537 1714 -
564 1692 625 1721 sibi
647 1701 768 1730 acce-53„

97 1735 161 1766 wie
188 1744 222 1765 65
248 1736 332 1766 auch
356 1736 508 1775 geschah,
534 1745 558 1765 5.
578 1737 629 1768 38.
650 1736 703 1768 38.
727 1752 770 1757 -—

96 1791 199 1813 casur.
225 1781 301 1819 for„
327 1791 352 1811 5.
380 1782 431 1817 23,
462 1782 516 1818 43,
546 1781 603 1817 143
638 1782 691 1817 36,
719 1782 771 1818 34,

97 1829 128 1864 3,
144 1835 203 1856 zur
217 1824 404 1856 Construct.
418 1828 448 1863 6,
464 1827 518 1863 42,
537 1827 587 1858 12.
604 1843 639 1846 —
658 1837 770 1866 quam.-

95 1881 209 1911 cumq.,
235 1881 260 1901 5.
292 1873 318 1910 1,
347 1873 377 1909 3,
405 1873 443 1903 3:
461 1873 514 1904 22.
535 1873 586 1908 58,
620 1873 648 1903 5.

146 1912 211 1951 14.
238 1919 334 1950 3—4.
360 1918 458 1948 Pc'sz'd.
485 1918 525 1955 b.,
552 1926 577 1947 (⁸.
605 1918 659 1951 47,
676 1919 706 1949 4.
739 1936 765 1937 ν’

90 1963 232 2001 periculi
262 1980 298 1983 —
335 1973 396 1993 esse
429 1962 532 2001 h'aingt
566 1961 628 1992 wie
669 1963 698 1997 2,
738 1964 767 2001 7,

96 2009 134 2047 υς
164 2008 193 2044 3,
224 2008 277 2044 22,
304 2008 322 2038 2
351 2017 413 2037 von
440 2014 555 2039 metum
572 2009 691 2038 demere
716 2008 767 2045 ab,

97 2050 163 2091 vgl.
202 2053 254 2087 40,
290 2053 343 2090 21,
374 2054 408 2093 13
442 2052 521 2083 iiber
554 2052 614 2083 den
648 2062 714 2083 acc.
742 2063 768 2083 c.

95 2095 182 2126 infin.
208 2097 290 2127 nach
323 2096 427 2127 61116111
459 2096 653 2128 Substantiv
686 2108 710 2129 5.
736 2100 767 2137 6,

93 2143 123 2177 9,
163 2143 203 2181 93
244 2141 308 2182 vgl.
351 2146 453 2173 unten
486 2152 512 2173 c.
553 2143 605 2179 31,
649 2144 698 2175 13.
724 2160 768 2165 -

93 2189 273 2226 quicquam,
301 2187 378 2218 weil
402 2188 460 2218 der
484 2186 639 2219 Gedanke
665 2198 766 2229 nega-

91 2231 142 2262 tiv
174 2231 219 2262 ist
253 2233 408 2272 (demere).
436 2251 478 2255 —
511 2239 554 2264 est
581 2251 624 2255 —
651 2240 704 2274 est,
739 2244 765 2266 e.

97 2278 124 2317 1,
163 2278 210 2309 12.
241 2295 286 2299 -
309 2290 367 2310 sua
406 2290 463 2318 sp„
496 2278 578 2317 hier,
612 2278 676 2310 wie
709 2280 767 2311 der

93 2320 280 2362 Gegensatz
299 2323 406 2363 zeigt:
436 2334 500 2354 von
525 2324 637 2364 selbst,
657 2335 761 2365 unge-

90 2368 197 2406 sucht,
231 2379 255 2400 5.
290 2370 320 2403 2.
356 2371 409 2407 23,
449 2371 487 2410 23
528 2371 581 2408 22,
624 2370 676 2407 38,
713 2372 764 2410 13,

92 2412 156 2453 vgl.
187 2414 237 2449 10,
264 2415 317 2451 36,
352 2415 381 2446 3.
411 2432 454 2436 —-
477 2417 569 2454 velut,
593 2426 617 2446 S.
652 2417 682 2455 2,
710 2417 764 2455 36,

93 2459 120 2491 l.
156 2476 198 2480 —
231 2462 361 2491 consilio
398 2460 461 2492 abl.
496 2461 579 2492 mod.
614 2462 668 2499 26,
710 2462 763 2501 25,

94 2504 152 2546 103
184 2505 214 2544 2,
238 2505 289 2547 11,
307 2507 327 2538 4
353 2516 381 2536 11.
408 2515 436 2537 a.
455 2524 496 2527 ——
519 2508 562 2538 ad
577 2504 640 2546 fiir,
668 2506 763 2539 oder:

839 1554 943 1586 Sache
972 1555 1036 1595 xgl.
1067 1553 1182 1596 Polyb.
1213 1557 1244 1596 3,
1273 1556 1321 1587 11.

884 1602 982 1632 5—7.
1015 1602 1167 1632 Claudius
1202 1618 1243 1623 —
1272 1601 1368 1639 Aoil„
1401 1611 1425 1631 5.
1460 1602 1513 1639 25,

839 1646 892 1685 39,
935 1647 984 1677 12.
1033 1645 1093 1676 Ι)16
1133 1643 1210 1685 folg.
1246 1644 1414 1677 Anecdote
1459 1655 1514 1677 61·-

839 1690 956 1721 ziihlen
1011 1690 1053 1720 im
1100 1690 1351 1721 &Vesentlichen
1405 1691 1514 1731 gleieh

840 1735 920 1777 App.
948 1746 977 1766 u.
1015 1734 1099 1766 Plut.
1139 1736 1158 1766 l.
1193 1736 1227 1774 l.,
1259 1745 1295 1766 5ο
1338 1736 1411 1767 dass
1448 1737 1514 1768 wol

841 1780 935 1812 eine
979 1780 1093 1821 Quelle
1140 1779 1194 1811 fiir
1222 1780 1306 1822 alle,
1355 1781 1406 1812 die
1454 1793 1515 1813 nur

840 1825 998 1868 Polybius
1031 1825 1100 1857 sein
1138 1826 1242 1864 kann,
1290 1828 1513 1858 anzunehmen

839 1870 892 1901 ist.
948 1870 1057 1912 Scipio
1090 1871 1133 1902 ist
1166 1881 1257 1902 zwar
1288 1871 1379 1902 nicht
1416 1876 1515 1904 unter

839 1916 897 1947 den
929 1915 1117 1947 Gesandten
1150 1918 1203 1957 34,
1241 1918 1294 1953 59,
1334 1917 1435 1949 allein
1471 1918 1512 1948 da

840 1962 922 1992 nach
937 1971 962 1992 c.
978 1963 1032 2000 23,
1052 1964 1065 1994 1
1082 1961 1257 1993 melu-mals
1276 1961 1440 1995 Gesandte
1453 1973 1513 2004 ge—

838 2006 968 2038 schiekt
979 2007 1112 2038 worden
1127 2007 1210 2046 sind,
1223 2006 1257 2038 L.
1267 2008 1346 2039 aber
1362 2008 1412 2040 die
1424 2009 1512 2041 Ver-

837 2052 998 2083 hi‘iltnisse
1033 2052 1169 2094 Syricns
1204 2063 1264 2084 nur
1304 2052 1510 2095 fragmenta-

837 2097 935 2132 risch,
963 2108 988 2129 5.
1019 2108 1044 2128 c.
1078 2099 1127 2134 13,
1147 2101 1177 2137 4,
1205 2098 1381 2139 berichtet,
1411 2110 1446 2131 so
1468 2099 1511 2131 ist

837 2153 870 2173 es
899 2143 1051 2183 moglich,
1084 2144 1158 2174 dass
1186 2154 1221 2175 er
1249 2144 1300 2174 bei
1325 2145 1416 2176 einer
1433 2146 1510 2186 spii-

834 2192 927 2219 teren
957 2187 1212 2220 Gesandtschast
1234 2189 1410 2230 betheiligt
1427 2200 1510 2229 war,

836 2234 901 2274 vgl.
938 2235 1020 2265 auch
1058 2234 1180 2265 Lucian
1218 2234 1302 2265 Dial.
1334 2239 1428 2266 mort.
1460 2237 1508 2268 12.

836 2298 872 2301 —-
905 2285 934 2312 et
965 2298 1006 2302 --
1032 2282 1134 2319 etiam,
1166 2282 1219 2319 3ss,
1253 2282 1302 2320 16,
1340 2282 1368 2312 2.
1408 2292 1510 2312 unum

833 2331 869 2357 et.
907 2329 992 2356 setzt
1032 2336 1175 2361 vorans,
1212 2326 1285 2356 dass
1326 2329 1509 2358 collocutum

833 2370 990 2402 bedente:
1027 2381 1063 2402 er
1101 2371 1184 2402 habe
1226 2370 1296 2402 sich
1340 2370 1509 2403 niehrfach

832 2416 892 2446 mit
918 2416 953 2447 H.
982 2417 1203 2447 nnterhalten.
1234 2434 1269 2438 -
1300 2419 1508 2456 respondisse,

834 2461 875 2492 da
903 2463 1024 2493 vorher
1055 2463 1241 2499 Hannibal,
1288 2462 1439 2503 obgleich
1473 2472 1506 2494 es

833 2506 935 2539 leicht
963 2508 1100 2547 crgiinzt
1127 2507 1259 2538 werden
1286 2507 1416 2549 konnte,
1449 2518 1508 2539 zu-
