1715 2723
13 136 38 154 a.
59 127 108 154 Ch.
128 128 184 153 189.
432 126 555 158 LIBER
568 125 760 159 XXXVIII.
789 126 878 159 CAP.
894 129 946 160 21.
961 128 1013 160 22.
1349 125 1431 167 307

13 232 146 282 plena,
177 237 218 269 ut
250 229 315 268 uhi
346 230 512 268 feminae
544 230 735 280 puerique
770 235 805 268 et
826 229 895 267 alia
917 228 1080 267 imbellis
1111 227 1223 267 turba
1242 228 1430 279 permixta

14 293 124 326 esset.
163 287 361 326 Romanos
381 287 545 325 victores
567 286 706 324 deserti
727 288 816 337 fuga
838 286 1009 324 hostium
1029 290 1261 336 acceperunt
1279 284 1428 323 tumuli.
1453 293 1492 325 15

14 343 93 382 Sub
123 343 226 381 idem
254 348 410 393 tempus
438 342 480 381 L.
506 342 668 381 Manlius
697 348 733 381 et
755 343 794 381 C.
815 342 993 387 Helvius,
1021 354 1135 389 cum,
1168 341 1295 392 quoad
1326 341 1426 379 viam
1447 344 1506 385 22

13 400 129 438 colles
152 399 297 449 obliqui
320 399 521 445 dederunt,
550 398 824 445 escendissent,
845 404 1049 448 postquam
1071 398 1117 436 ad
1139 397 1242 435 invia
1264 402 1424 436 ventum

14 461 81 502 est,
107 456 248 494 flexere
267 456 339 494 iter
359 456 398 494 in
414 461 562 506 partem
588 455 740 501 montis,
762 467 859 504 quae
882 467 959 492 una
979 453 1141 492 habebat
1161 454 1245 500 iter,
1266 460 1302 492 et
1316 454 1424 504 sequi
1444 464 1464 496 2

13 512 183 550 consulis
222 524 359 563 agmen
393 511 545 549 modico
578 517 739 561 uterque
768 511 966 549 intervallo
997 511 1102 549 velut
1131 522 1177 548 ex
1209 511 1423 561 composito

13 576 248 619 coeperunt,
279 568 382 618 quod
411 568 538 618 primo
560 567 751 616 optimum
773 568 873 604 factu
897 567 1052 609 fuisset,
1082 567 1122 604 in
1142 566 1181 604 id
1200 567 1425 605 necessitate

10 625 92 675 ipsa
117 624 326 675 compulsi:
348 623 517 662 subsidia
536 623 639 660 enim
659 623 699 660 in
721 622 858 661 talibus
874 622 1326 672 iniquitatibuslocoruni
1340 635 1423 661 ma·
1445 638 1464 669 3

12 682 115 719 ximo
147 693 259 730 saepe
289 680 377 718 usui
405 681 584 721 fuerunt.
613 685 654 717 ut
685 679 819 729 primis
851 680 950 717 forte
973 678 1183 717 deturbatis
1206 679 1367 717 secundi
1389 685 1425 717 et

10 742 139 787 tegant
157 737 289 786 pulsos
310 741 346 774 et
364 736 500 786 integri
522 747 690 786 pugnam
712 735 912 786 excipiant.
962 735 1118 781 consul,
1150 740 1357 785 postquam
1377 735 1422 773 ad
1443 752 1464 783 4

11 792 182 831 tumulos
211 792 256 830 ab
276 792 349 830 levi
370 798 562 830 armatura
586 798 714 842 captos
739 792 863 842 prima
886 792 993 842 signa
1012 791 1210 842 legionunl
1231 803 1423 841 pervene-

11 855 114 893 runt,
145 849 336 899 respirare
365 853 401 886 et
424 848 699 898 conquiescere
734 848 929 898 paulisper
960 847 1117 886 militem
1151 847 1278 892 iubet,
1311 847 1424 885 simul

12 911 125 944 strata
156 917 225 956 per
248 905 418 943 tumulos
441 917 604 954 corpora
625 904 822 943 Gallorum
843 910 1017 949 ostentat,
1044 910 1091 950 et,
1122 916 1212 942 cuin
1245 904 1337 942 levis
1359 916 1422 942 ar-
1444 916 1463 947 5

11 968 159 1000 matura
180 962 370 1011 proelium
390 961 462 999 tale
484 961 662 1005 ediderit,
691 961 782 1011 quid
803 960 849 999 ab
871 960 1086 1010 legionibus
1099 991 1107 1005 ,
1138 960 1229 1010 quid
1250 960 1296 998 ab
1315 960 1426 998 iustis

11 1018 148 1059 armis.
179 1018 272 1068 quid
306 1018 351 1056 ab
381 1018 517 1056 animis
541 1017 842 1055 fortissimorum
866 1017 1029 1055 militum
1053 1014 1274 1067 expectari?
1304 1023 1426 1055 castra

8 1075 80 1113 illis
106 1074 288 1124 capienda
309 1086 404 1120 esse,
435 1075 474 1111 in
498 1086 595 1124 quae
620 1074 844 1123 compulsus
866 1073 911 1111 ab
924 1074 997 1111 levi
1009 1078 1201 1111 armatura
1214 1073 1334 1111 hostis
1346 1079 1425 1111 tre-

10 1131 124 1181 pidet.
166 1131 396 1181 praecedere
419 1137 544 1168 lamen
567 1130 673 1168 iubet
690 1130 815 1168 levem
835 1136 1080 1174 armaturam,
1104 1142 1213 1180 quae,
1234 1141 1325 1167 cum
1348 1136 1425 1167 sta-
1445 1143 1465 1175 6

10 1283 44 1308 ut
81 1275 144 1307 wie
184 1285 243 1306 vor
275 1278 342 1316 qui,
373 1285 397 1306 5.
431 1274 451 1316 ξ
485 1277 522 1313 ὃς
551 1276 580 1312 9,
615 1274 683 1315 vgl.

10 1325 125 1362 quippe
155 1323 211 1353 ubi
244 1323 298 1360 26,
326 1322 379 1359 48,
424 1322 472 1353 11.
500 1337 542 1341 —
570 1331 680 1359 accep„

10 1367 77 1407 vgl.
99 1368 151 1404 29,
179 1367 231 1405 32,
259 1367 296 1399 8:
323 1368 426 1397 amnis
442 1366 605 1406 suyz‘entz's
627 1377 680 1396 ac-

9 1415 108 1451 cepim
142 1413 195 1451 28,
234 1412 263 1450 6,
302 1413 338 1444 11
366 1422 396 1442 u.
432 1421 459 1441 a.
490 1428 526 1433 -—
555 1413 680 1451 tumuli,

10 1468 35 1488 c.
65 1458 116 1496 20,
144 1459 174 1490 4.
209 1450 217 1459 ’

56 1544 124 1583 22.
156 1549 249 1580 1-3,
276 1559 355 1586 cum,
380 1549 486 1588 quoad
505 1564 549 1569 ——
568 1554 682 1587 pos-tq„

9 1593 75 1634 vgl.
115 1595 168 1632 37,
201 1595 254 1632 45,
293 1594 350 1634 133
389 1595 442 1633 40,
477 1594 530 1631 33,
574 1595 613 1634 43
652 1595 681 1631 S,

9 1639 63 1678 27,
104 1639 123 1671 2
163 1649 193 1669 u.
234 1648 262 1669 a.
304 1656 348 1660 -
394 1641 481 1669 colles
525 1640 594 1676 obl„
634 1638 682 1669 als

10 1684 130 1724 schrag
161 1683 212 1714 die
234 1682 339 1724 Hiigel
363 1683 579 1725 hinanzogen,
608 1694 632 1714 5.
657 1694 682 1714 c.

9 1731 63 1769 20,
106 1730 202 1762 7-9.
236 1747 279 1750 —
312 1731 463 1761 dederunt
498 1748 540 1751 —
566 1731 686 1770 flexere

8 1793 52 1797 —
79 1786 171 1814 coep„
201 1774 267 1815 vgl.
300 1776 351 1813 10,
377 1776 431 1813 25,
460 1777 489 1807 5.
515 1793 557 1796 —
583 1776 682 1813 invia,

10 1831 35 1851 c.
70 1822 124 1859 20,
162 1821 191 1853 8.
218 1838 261 1842 ——
290 1823 323 1851 in
353 1826 447 1859 part„
482 1830 555 1851 man
587 1819 684 1851 sollte

8 1869 44 1898 in
78 1877 143 1898 eam
170 1878 216 1906 p„
254 1866 400 1906 dagegen
437 1869 505 1900 iter,
541 1865 685 1896 welches

10 1911 167 1952 sogleich,
204 1921 299 1942 wenn
343 1912 425 1942 auch
467 1911 500 1941 111
546 1911 686 1942 anderer

11 1957 211 1997 Bedeutung,
237 1956 361 1988 wieder
390 1955 486 1997 folgt.
514 1956 603 1987 nicht
631 1966 685 1987 er-

11 2006 150 2034 warten.
176 2020 218 2024 —
244 2013 324 2043 quae
348 2013 423 2043 una,
451 2002 502 2034 die
528 2012 553 2033 c.
585 2004 637 2039 20,
666 2003 685 2034 5

11 2048 203 2079 erw'ahnten
227 2050 292 2079 tria
317 2050 432 2079 itinera
459 2046 601 2087 fiihrten,
622 2047 686 2078 wie

12 2103 46 2124 es
72 2092 212 2131 scheint,
248 2092 337 2123 nicht
370 2093 435 2124 alle
470 2092 520 2123 bis
546 2091 606 2123 aus
633 2093 684 2124 die

11 2137 112 2177 Hohe,
138 2138 276 2169 soudern
302 2148 363 2169 nur
388 2138 446 2170 der
478 2148 543 2169 von
567 2137 684 2169 Siiden.

11 2202 55 2206 —
78 2186 159 2215 velut
187 2195 210 2215 e.
238 2195 262 2215 ο.
299 2182 429 2215 hezieht
462 2183 532 2214 sich
558 2182 685 2223 darauf,

13 2229 86 2260 dass
113 2228 160 2260 sie
188 2231 305 2260 modico
326 2232 492 2260 intervallo
517 2229 685 2267 kommen,

13 2275 87 2305 dass
131 2274 179 2306 sie
218 2285 254 2305 so
299 2275 404 2315 gehen
441 2274 573 2311 sollfen,
615 2284 686 2305 war

12 2319 109 2351 ihnen
134 2318 296 2351 befohlen.
323 2338 366 2342 —
390 2323 476 2360 quod
488 2322 592 2359 primo
610 2324 684 2358 etc„

12 2365 288 2397 wahrscheinlich
327 2365 421 2397 hatte
465 2364 582 2407 Polyb.
625 2365 686 2396 den

11 2409 114 2442 Tadel
141 2411 413 2452 ausgesprochen,
446 2410 510 2442 wie
543 2411 595 2450 31,
631 2412 684 2450 38,

16 2457 43 2495 1,
80 2456 145 2497 vgl.
173 2458 234 2495 38,
262 2458 323 2495 46,
356 2457 385 2489 3.
414 2474 457 2478 -
483 2463 542 2495 opt.
583 2456 685 2495 factu,

12 2500 104 2533 Caes.
130 2502 163 2532 B.
190 2500 227 2533 G.
265 2504 297 2541 4,
332 2503 392 2535 30:
426 2502 688 2542 optz⁷212201212jk1ctu

12 2558 75 2579 esse
99 2549 280 2587 duxerum,-
313 2546 378 2578 Cic.
407 2546 476 2578 Att.
513 2550 541 2587 7,
568 2548 621 2587 22,
648 2549 686 2589 23

754 1274 808 1306 Or.
836 1278 920 1316 part.
951 1276 1004 1314 26,
1036 1276 1089 1312 94,
1120 1285 1149 1305 u.
1177 1283 1225 1315 εις
1258 1274 1316 1306 der
1349 1273 1428 1305 Satz

751 1320 796 1351 ist
823 1320 871 1351 als
900 1319 1036 1359 bedingt
1061 1319 1293 1359 ausgedriickt,
1320 1330 1345 1350 5.
1373 1321 1427 1357 22,

752 1366 812 1402 61,
848 1368 885 1405 5,
924 1374 958 1396 es
992 1365 1088 1395 h'zitte
1123 1365 1206 1395 auch
1238 1365 1314 1403 fecit
1350 1365 1429 1396 oder

742 1412 859 1451 suerat
890 1410 1018 1441 heissen
1051 1409 1191 1449 ko'nnen,
1225 1420 1249 1440 S.
1283 1411 1337 1448 30,
1373 1411 1427 1449 30,

751 1458 787 1488 6:
813 1458 966 1494 optimum
981 1456 1107 1496 fuerat.
1131 1473 1172 1477 -—
1199 1457 1337 1496 iniquit„
1359 1455 1425 1496 vgl.

751 1502 804 1539 36,
831 1503 884 1541 24,
911 1504 950 1541 43
976 1503 1007 1536 4,
1034 1502 1064 1537 4,
1091 1502 1119 1532 6.
1142 1502 1337 1541 *fuerunt
1353 1500 1427 1532 sind

753 1547 884 1585 fflisher,
919 1546 968 1577 his
993 1545 1091 1586 jetzt)
1126 1556 1289 1586 gewesen,
1325 1546 1427 1577 daher

751 1592 795 1623 im
828 1591 920 1632 Folg.
957 1591 1008 1622 (lie
1041 1590 1227 1623 Prasentia.
1262 1610 1304 1614 -ψ
1329 1595 1426 1631 excip.

752 1637 816 1669 wie
842 1639 894 1675 30,
924 1638 975 1677 18,
1001 1639 1030 1669 9.

798 1685 897 1716 4-5.
916 1685 1028 1721 prima
1044 1694 1078 1722 s.,
1094 1681 1146 1714 die
1159 1682 1329 1721 Hastaten,
1346 1680 1366 1722 ξ
1387 1683 1425 1714 9;

752 1730 960 1769 aozteaiqomwi.
980 1746 1022 1749 —-
1042 1731 1166 1766 respir.,
1193 1729 1223 1765 2,
1249 1729 1301 1765 65,
1328 1731 1356 1761 5.
1382 1745 1426 1749 —-

753 1780 893 1813 ostentat,
919 1780 955 1813 et,
982 1773 1047 1814 vgl.
1075 1775 1126 1807 21.
1156 1774 1208 1807 35,
1236 1774 1271 1805 S:
1297 1774 1427 1804 Italiam

753 1826 892 1851 ostentat.
942 1836 984 1840 —
1031 1822 1215 1859 moeniaque
1265 1829 1314 1850 eos
1360 1825 1427 1850 tum

753 1866 992 1902 trawscendere,
1029 1866 1081 1900 35,
1122 1865 1171 1901 12,
1211 1865 1267 1896 11:
1306 1864 1425 1903 refere-

753 1912 886 1950 bamur,
914 1917 958 1949 εἰς
993 1910 1046 1947 34,
1081 1911 1134 1945 62,
1172 1911 1229 1942 11;
1254 1911 1427 1950 aryzcebawt

753 1963 798 1995 et,
825 1957 878 1993 31,
909 1957 962 1995 30,
989 1956 1030 1997 23
1055 1957 1109 1993 42,
1146 1956 1199 1987 38.
1234 1957 1270 1987 5:
1296 1955 1425 1995 eonfer-

753 2008 823 2033 rent
843 2008 871 2033 et
895 2019 937 2023 -—
963 2003 1116 2037 deductos,
1157 2000 1222 2040 vgl.
1257 2001 1287 2040 6,
1322 2002 1353 2039 7,
1390 2001 1427 2032 3:

755 2050 788 2078 z'oz
814 2058 925 2087 equum
953 2048 1066 2085 insilit,
1094 2052 1121 2077 et
1146 2064 1190 2067 —
1213 2057 1294 2086 quae
1323 2047 1428 2077 tristi-

754 2095 799 2124 cia
823 2095 895 2124 leaeo
919 2098 983 2131 est5
1012 2091 1092 2123 iiber
1117 2092 1176 2122 den
1209 2090 1269 2122 Ins.
1302 2090 1335 2122 in
1370 2091 1430 2122 der

754 2137 904 2170 indirect.
933 2136 1052 2177 Frage,
1084 2137 1231 2168 welcher
1262 2136 1345 2175 hier,
1374 2146 1426 2167 wo

754 2186 829 2215 dicit
866 2183 955 2214 nicht
992 2183 1167 2214 besonders
1207 2182 1431 2222 ausgedriickt

755 2229 797 2260 ist
821 2229 886 2259 und
919 2238 980 2259 nur
1008 2228 1080 2259 eine
1112 2228 1325 2269 Behauptung
1350 2237 1427 2258 aus-

754 2275 953 2316 gesprochen
994 2274 1126 2305 werden
1169 2273 1251 2313 soll,
1287 2272 1430 2304 leichter

754 2319 888 2359 eintrat,
914 2330 938 2351 5.
966 2320 1020 2358 37,
1054 2321 1108 2359 26,
1146 2320 1195 2352 13.
1220 2336 1262 2340 ——
1288 2321 1323 2349 in
1348 2329 1430 2358 quae

755 2366 872 2406 gehfirt
890 2375 930 2395 zu
950 2367 1142 2404 compulsus:
1171 2363 1280 2394 wohin
1303 2363 1428 2404 getrie-

754 2411 816 2442 ben
843 2428 886 2433 ——
912 2410 946 2441 111
977 2410 1085 2451 Angst
1117 2409 1183 2441 und
1212 2408 1430 2449 Verwirrung

755 2456 821 2496 sei3
861 2455 1016 2497 iibrigens
1058 2455 1101 2486 ist
1134 2457 1307 2493 compulsus
1345 2455 1430 2485 nach

755 2503 774 2541 ξ
800 2504 817 2534 7
844 2504 1072 2541 compelluntur
1094 2510 1253 2541 ungenau.

802 2549 899 2581 6—9.
924 2558 993 2579 eum
1024 2553 1110 2586 stan,
1137 2557 1160 2577 s.
1188 2556 1213 2577 c.
1251 2547 1301 2585 10,
1329 2547 1360 2579 5.
1386 2562 1433 2568 --

1151 2601 1220 2636 20*

1467 2615 1483 2626 b
