1715 2723
23 138 50 158 ai.
70 131 120 158 ch.
142 132 203 158 187.

18 246 196 286 praeesse
226 238 418 284 ΟΡΟΙἹθΓθ.

445 131 569 164 LIBER
583 131 779 166 XXXVIII.
799 131 891 164 CAP.
910 134 963 166 42.
977 133 1032 166 43.

1362 131 1444 172 349

472 234 599 285 vagari
629 246 695 273 eos
738 246 826 273 cum
858 234 946 272 belli
974 239 1124 273 terrore
1155 247 1225 284 per
1255 234 1444 280 nationes,
1468 241 1504 273 11

20 290 161 341 quibus
182 290 326 328 bellum
349 289 537 329 indictum
559 303 640 329 non
660 290 718 337 sit,
738 303 874 341 pacem
894 293 1016 341 pretio
1040 290 1280 330 venditantis.
1321 291 1354 329 si
1379 303 1443 329 eas

20 346 239 398 provincias
271 346 501 385 exercitibus
533 347 708 385 obtinere
743 360 842 397 opus
878 353 989 393 esset,
1020 347 1119 385 sicut
1154 348 1214 385 Μ’.
1253 347 1372 385 Acilio
1403 346 1446 385 L.

19 402 148 452 Scipio
179 403 327 449 consul,
358 403 399 441 L.
427 403 598 453 Scipioni
628 404 676 441 M.
698 403 856 441 Fulvius
887 408 924 442 et
943 404 1012 442 Cn.
1044 403 1208 441 Manlius
1231 403 1444 442 successis-

20 464 107 497 sent
136 459 328 506 consules,
358 459 407 497 ita
437 459 574 497 Fulvio
604 459 824 509 Manlioque
854 459 893 498 C.
924 460 1077 497 Livium
1109 465 1145 497 et
1170 460 1218 498 M.
1250 460 1444 498 Valerium
1466 473 1507 504 12

20 515 200 553 consules
223 515 402 554 debuisse
424 515 641 554 succedere.
680 527 786 553 nunc
807 521 920 561 certe,
944 517 1115 566 perfecto
1139 516 1308 554 Aetolico
1332 516 1445 561 bello,

21 576 174 621 recepta
203 571 249 609 ab
271 571 461 610 Antiocho
483 571 583 618 Asia,
613 571 770 609 devictis
792 572 918 618 Gallis,
949 578 1016 610 aut
1045 573 1224 610 consules
1251 573 1297 610 ad
1328 585 1442 611 exer-

20 627 118 665 citus
136 628 359 666 consulares
382 627 478 666 mitti
498 633 564 666 aut
582 627 774 677 reportari
788 627 959 678 legiones
979 628 1069 666 inde
1086 628 1273 678 reddique
1288 629 1445 667 tandem

20 683 77 722 rei
96 684 271 733 publicae
295 683 446 722 debere.
476 688 631 721 senatus
659 683 717 721 his
738 683 876 721 auditis
896 684 936 721 in
963 684 1149 722 sententia
1170 685 1442 734 perseveravit,
1467 694 1505 725 13

23 745 67 778 ut
87 739 310 777 consulibus
341 739 532 777 ambobus
558 739 719 790 Ligures
750 740 949 790 provincia
980 747 1101 786 esset3
1132 741 1317 778 Manlium
1347 742 1441 779 Ful-

21 796 206 844 viumque
231 796 415 833 decedere
438 795 484 833 de
500 796 710 846 provinciis
733 802 769 834 et
792 797 981 835 exercitus
996 796 1086 834 inde
1102 797 1293 835 deducere
1312 809 1357 835 ac
1378 809 1443 835 re-

20 851 102 889 dire
131 852 295 889 Romam
325 852 476 901 placuit.

134 908 357 946 Inimicitiae
377 908 478 946 inter
491 908 539 946 M.
554 908 734 947 Fulvium
751 914 787 946 et
806 909 854 947 M.
875 909 1081 947 Aemilium
1103 910 1302 948 consulem
1324 915 1444 956 erant,
1463 915 1521 954 43

20 968 58 1002 et
82 976 199 1013 super
230 970 353 1003 cetera
374 965 559 1003 Aemilius
582 965 705 1003 serius
736 965 892 1003 biennio
925 978 965 1004 se
997 966 1197 1004 consulem
1229 967 1373 1004 sactum
1396 967 1445 1005 M.

20 1020 145 1059 Fulvii
176 1032 293 1070 opera
323 1021 496 1059 ducebat.
545 1021 672 1071 itaque
703 1022 749 1059 ad
780 1022 963 1060 invidiam
995 1022 1028 1059 ei
1058 1022 1273 1060 faciendam
1302 1023 1446 1073 legatos
1465 1029 1483 1060 2

20 1076 306 1116 Ambraciensis
337 1077 377 1115 in
408 1083 585 1115 senatum
616 1077 849 1116 subornatos
881 1078 1106 1116 criminibus
1127 1079 1352 1125 introduxit,
1379 1079 1446 1129 qui

23 1132 106 1179 sibi,
130 1145 219 1171 cum
241 1134 281 1171 in
300 1146 393 1184 pace
414 1140 543 1172 essent
562 1134 826 1184 imperataque
858 1134 1053 1184 prioribus
1081 1135 1306 1173 consulibus
1328 1136 1444 1173 secis-

25 1279 54 1317 1,
94 1279 144 1317 13,
182 1280 216 1311 1:
250 1281 460 1320 mamam-acus
490 1281 539 1310 vel
568 1281 606 1318 is,
643 1282 699 1320 qui

22 1325 57 1354 in
69 1330 220 1362 potestate
240 1327 349 1364 aliqua
371 1327 420 1364 sit,
445 1331 479 1355 ut
490 1331 572 1362 pecta
590 1335 696 1363 pro-

22 1372 166 1400 consul
199 1389 241 1391 e*
286 1372 428 1401 iudicare
471 1381 503 1400 eo
544 1372 593 1401 die
635 1381 696 1410 quo

13 1416 141 1454 privati
155 1416 273 1455 furari
301 1421 415 1454 essent,
455 1426 522 1445 non
549 1422 694 1453 possunt.

11 1475 68 1481 ·—
90 1465 170 1497 pret.
203 1462 303 1497 vend„
342 1458 396 1490 fiir
442 1459 525 1491 Geld
563 1459 622 1491 feil
659 1479 697 1482 --

22 1504 226 1540 ausbietend,
261 1504 349 1535 Flor.
389 1507 415 1545 1,
451 1507 468 1537 7
510 1504 596 1548 (13),
637 1507 695 1538 17:

21 1552 106 1582 mille
141 1552 249 1589 pondo
289 1553 366 1582 ‹zm-2·
395 1562 573 1592 reqressum
604 1563 697 1583 suum

22 1598 216 1627 venditantes
251 1596 374 1635 (Galli).
406 1615 450 1618 —
483 1599 619 1629 obtinere
645 1608 695 1636 op.

20 1652 58 1677 e.,
84 1640 150 1681 vgl.
176 1642 229 1678 28,
256 1642 310 1680 44,
351 1643 389 1673 1:
421 1645 586 1674 admovere
620 1654 698 1681 opus

21 1693 84 1724 est3
122 1685 158 1717 Η.
184 1688 260 1719 261.
297 1705 337 1709 --
365 1689 462 1722 Aez'l.,
498 1689 550 1727 37,
588 1689 617 1720 6.
652 1706 697 1710 —-

19 1733 111 1763 Fulv.
132 1739 159 1763 et
172 1734 286 1769 spIcml„
317 1733 357 1763 da
379 1732 487 1774 Scipio
516 1732 696 1773 cigentlich

21 1776 276 1814 Griechenland,
313 1778 340 1808 d.
374 1779 404 1809 h.
435 1778 620 1819 iiberhaupt
645 1779 696 1810 die

20 1821 269 1863 Rriegfiihruug
305 1823 348 1854 1111
380 1823 481 1855 Osteu
523 1834 580 1854 zur
614 1823 697 1855 Pro—-

21 1867 98 1898 vinz
141 1868 262 1908 gehabt
304 1869 372 1909 hat,
415 1880 438 1901 s.
483 1871 535 1907 37,
576 1871 604 1907 1,
644 1872 695 1909 10,

21 1913 181 1944 wiihrend
208 1913 296 1945 diese
317 1913 404 1954 jetzt
428 1918 525 1945 unter
549 1914 600 1946 die
626 1915 696 1946 bei-

23 1959 85 1990 den
102 1964 287 1998 genanntcu
302 1960 441 2000 getheilt
456 1959 509 2000 ist,
528 1971 553 1991 s.
573 1962 624 1999 37,
644 1963 696 1999 50,

27 2005 53 2037 1.
79 2021 124 2026 —
148 2012 278 2044 recepta,
305 2005 548 2046 cingeuommcu
572 2007 638 2036 und
662 2016 698 2037 so

21 2049 99 2081 Ant.
135 2049 378 2091 abgeuommeu,
410 2061 437 2082 c.
470 2052 522 2089 39,
567 2052 606 2089 3,
644 2052 696 2089 36,

72 2141 122 2172 13.
148 2151 316 2179 persever„
351 2151 378 2171 s.
412 2151 438 2172 c.
475 2143 529 2181 46,
559 2143 617 2179 14;
643 2143 698 2175 36,

27 2187 78 2223 14,
112 2186 161 2217 13.
188 2203 231 2207 -
254 2188 357 2217 Mam.
386 2204 428 2207 —
453 2189 563 2226 decori„
591 2186 699 2218 dieser

21 2230 127 2269 hatte,
154 2240 223 2261 was
248 2231 368 2271 gewiss
393 2230 425 2261 in
449 2231 529 2262 Rom
554 2232 699 2263 bekannt

23 2285 107 2313 war,
152 2276 192 2306 da
232 2286 268 2307 er
312 2278 468 2309 566—67
506 2277 538 2308 iu
578 2277 697 2319 Epirus

23 2320 273 2359 iiberwinterte,
321 2332 346 2352 c.
389 2324 443 2362 41,
491 2324 540 2361 15,
576 2323 698 2354 bereits

22 2376 85 2396 vor
125 2366 195 2397 dem
224 2366 353 2398 Anu-itt
386 2368 444 2398 der
482 2378 585 2399 neuen
612 2368 698 2399 Con-

21 2411 106 2451 suln,
134 2412 163 2443 d.
191 2414 242 2444 15.
266 2412 360 2443 M'arz
386 2415 450 2446 567
472 2413 605 2451 (Novbr.
634 2416 697 2447 566

23 2457 80 2488 des
119 2456 238 2497 julian.
284 2458 413 2498 Jahres)
458 2459 510 2490 die
555 2458 698 2490 Provinz

22 2501 211 2543 vcrlassen,
255 2513 325 2534 was
362 2513 409 2542 er,
449 2504 489 2535 da
526 2504 585 2535 mit
626 2505 697 2536 dem

22 2545 310 2580 Friedensschluss
329 2559 354 2580 c.
377 2550 418 2582 38
437 2550 527 2581 seiue
543 2549 695 2591 Aufgabe

767 1278 882 1310 erfiillt
912 1290 992 1318 war,
1032 1280 1116 1310 auch
1151 1280 1232 1311 ohne
1264 1279 1443 1312 Senatsbe-

765 1325 891 1355 schluss
936 1326 1016 1355 thun
1059 1325 1192 1356 konntc.
1227 1343 1273 1347 —-
1312 1327 1445 1357 Fulvius

766 1369 905 1408 scheint,
943 1369 1097 1410 obgleich
1132 1370 1197 1401 ihm
1231 1372 1313 1401 uach
1345 1369 1366 1412 ξ
1404 1373 1442 1404 13

767 1415 824 1446 (135
839 1415 1007 1456 imperium
1023 1415 1114 1446 nicht
1133 1416 1327 1456 verl‘ingert
1346 1415 1441 1452 wird,

766 1460 814 1491 bis
841 1470 944 1501 gegcn
972 1461 1029 1491 das
1057 1460 1147 1492 Ende
1173 1462 1228 1492 des
1247 1439 1442 1493 Consulats—

762 1506 877 1546 jah1es
906 1508 969 1539 567
999 1506 1031 1536 in
1043 1505 1284 1538 Griechenlaud
1313 1507 1440 1547 gehlie-

766 1552 827 1583 beu
856 1562 895 1582 zu
923 1551 1441 1595 5ο111,0.44,1;39,4,1;

766 1597 807 1630 11)
839 1599 866 1632 5,
904 1599 953 1629 13.

812 1639 988 1677 43-44,
1039 1642 1319 1684 Ve1haudlungen
1362 1644 1445 1676 iiber

766 1687 953 1719 Ambracia.

816 1735 913 1768 1-2,
938 1744 1032 1772 super
1050 1739 1115 1773 eet„
1143 1735 1195 1768 21.
1220 1736 1273 1773 31,
1302 1736 1352 1773 12,
1375 1735 1442 1775 vgl.

767 1780 819 1818 36,
858 1781 910 1812 35,
946 1781 983 1811 4:
1011 1781 1093 1810 inter
1119 1786 1227 1810 cetera.
1267 1798 1309 1802 —
1339 1782 1442 1812 bieme.

767 1835 839 1860 seon,
866 1835 891 1855 c.
923 1826 977 1862 35,
1009 1826 1044 1863 13
1069 1825 1122 1861 37,
1150 1826 1203 1859 47,
1230 1826 1268 1861 ὃς
1302 1825 1439 1856 Μο111111-

767 1879 823 1900 sen
849 1872 923 1903 429.
952 1888 993 1891 —
1020 1880 1124 1909 opera,
1151 1870 1182 1900 iu
1202 1871 1309 1902 iiblem
1330 1871 1440 1912 Sinnc,

768 1917 822 1947 41.
853 1917 901 1948 16.
931 1917 969 1955 23
996 1920 1096 1946 unteu
1126 1914 1146 1956 ξ
1168 1918 1205 1948 9ε
1231 1919 1333 1948 eadem
1350 1928 1443 1956 opera

768 1961 903 1991 wiirden
931 1961 994 1991 wir
1021 1971 1082 1991 nur
1099 1971 1217 2001 sagen:
1245 1962 1276 1992 in
1296 1962 1443 2003 gleicher

771 2005 896 2047 Weise,
922 2017 948 2038 5.
974 2005 1203 2046 Naegelsbach
1227 2006 1248 2048 ξ
1276 2010 1305 2047 9,
1338 2010 1365 2040 1.
1398 2026 1442 2030 —-

768 2049 906 2089 demebat,
935 2062 959 2083 s.
979 2061 1004 2083 e.
1021 2054 1073 2089 26,
1094 2055 1133 2094 o,
1162 2054 1214 2087 315,
1242 2055 1296 2092 44,
1323 2055 1360 2091 93
1387 2055 1440 2093 35,

772 2099 823 2129 17.
854 2099 866 2129 1
896 2108 924 2128 u.
962 2108 1002 2136 a.,
1039 2098 1103 2138 vgl.
1138 2099 1191 2135 35,
1234 2100 1283 2139 14,
1321 2101 1371 2132 10.
1400 2117 1442 2121 -——

767 2144 895 2176 suborn.
921 2146 1020 2181 erim,
1050 2142 1093 2173 1111
1121 2142 1297 2175 Geheimen
1323 2154 1442 2185 ausge-

768 2188 872 2218 riistet
897 2188 956 2219 mit
980 2188 1285 2230 Beschuldiguugen
1315 2200 1368 2221 um
1394 2190 1442 2222 sie

768 2233 1022 2274 vorzubriugen,
1057 2234 1174 2265 auders
1216 2237 1269 2270 42,
1315 2237 1364 2271 15,
1404 2236 1440 2267 3:

767 2281 810 2309 ad
824 2281 944 2310 eaedem
968 2282 1051 2321 reglis
1074 2282 1279 2323 subornato-35
1308 2284 1360 2319 44,
1387 2283 1441 2319 44,

768 2326 806 2363 43
835 2335 894 2355 zur
918 2324 1023 2356 Sache
1051 2327 1104 2363 ms,
1132 2328 1184 2365 27,
1217 2328 1266 2358 16.

813 2370 911 2402 3—6.
936 2373 999 2402 sibi
1021 2371 1137 2411 gcho‘rt
1162 2382 1201 2401 zu
1235 2374 1369 2403 illatum.
1397 2390 1441 2394 —

767 2422 866 2446 essem
883 2416 1075 2447 bczeichnet
1092 2416 1152 2447 deu
1167 2417 1249 2447 auch
1267 2419 1351 2448 nach
1369 2417 1440 2449 dem

765 2461 877 2499 fecisse
901 2461 966 2492 und
985 2464 1101 2500 paratz?
1127 2468 1225 2493 essent
1252 2462 1440 2494 dauerndeu

766 2505 924 2540 Zustaud.
953 2525 996 2528 --
1016 2509 1152 2545 priorz'b.
1185 2519 1268 2539 cons.
1294 2507 1357 2539 wic
1383 2510 1438 2548 35,

770 2553 820 2590 17,
841 2553 878 2584 6:
907 2553 1064 2584 Antiocho
1080 2555 1110 2585 si
1132 2555 1286 2592 imperata
1294 2556 1438 2595 faciant,
