1715 2723
179 121 262 163 110

631 118 755 150 LIBER
777 117 942 152 XXXVI.
968 117 1060 150 CAP.
1089 120 1140 153 14.

1447 125 1471 144 a.
1487 125 1516 143 u.
1537 117 1598 144 563.

179 224 261 262 sine
283 221 526 261 cunctatione
548 226 605 260 est
627 223 736 264 sacta,
761 221 1020 271 traditumque
1042 221 1277 271 praesidium
1291 221 1442 272 regium
1455 226 1596 260 etcum

141 289 159 320 3
178 281 223 318 iis
245 279 489 317 Athamanes.

541 277 587 315 ab
609 277 794 316 Limnaeo
814 277 1051 316 Pellinaeum
1073 277 1211 316 consul
1231 277 1500 328 proficiscitur.
1544 277 1597 316 ibi

178 335 293 386 primi
308 332 542 372 Athamanes
558 333 799 372 tradiderunt
819 346 914 381 sese,
933 333 1070 371 deinde
1091 338 1128 372 et
1147 333 1348 384 Philippus
1369 334 1595 385 Megalopo-

138 402 159 433 4
176 392 336 435 litanus;
359 389 420 428 cui
444 389 644 428 decedenti
664 390 855 440 praesidio
876 402 964 428 cum
987 389 1125 428 obvius
1137 390 1237 428 forte
1252 390 1598 441 fuissetPhilippus

177 460 257 493 rex,
283 446 329 485 ad
353 445 567 484 ludibrium
584 458 716 497 regem
738 458 828 484 eum
852 446 1084 485 consalutari
1104 445 1225 491 iussit,
1254 446 1339 496 ipse
1362 457 1597 497 congressus

140 513 158 543 5
178 505 336 541 fratrem
367 502 470 540 haud
502 514 592 540 sane
621 503 762 541 decoro
794 503 978 542 maiestati
1000 515 1090 541 suae
1110 502 1198 541 ioco
1220 502 1432 552 appellavit.
1471 502 1596 541 dedu-

178 566 262 598 ctus
290 558 381 597 inde
411 558 457 597 ad
489 559 690 597 consulem
721 559 905 598 custodiri
933 559 1063 597 iussus
1090 564 1126 597 et
1154 558 1257 597 haud
1287 558 1336 597 ita
1367 558 1488 597 multo
1510 564 1600 609 post

178 616 217 654 in
237 615 400 653 vinculis
420 615 586 654 Romam
608 616 762 654 missus.
785 622 906 654 cetera
928 615 1132 654 multitudo
1154 615 1415 653 Athamanum
1435 620 1500 653 aut
1521 615 1596 654 mi-

177 672 288 710 litum
307 671 486 710 Antiochi
513 671 627 722 regis,
658 684 756 722 quae
786 672 825 710 in
858 671 1057 722 praesidiis
1089 671 1309 710 deditorum
1331 683 1402 721 per
1427 683 1493 710 eos
1515 671 1597 710 dies

179 728 415 778 oppidorum
438 730 576 773 fuerat,
594 727 772 778 Philippo
796 728 928 766 tradita
949 728 1029 778 regi
1052 733 1130 773 εει,
1157 730 1265 766 fuere
1279 734 1409 766 autem
1423 727 1469 766 ad
1483 733 1596 777 quat-

139 798 159 829 6
179 790 269 823 tuor
294 784 395 822 milia
418 784 636 822 hominum.
684 784 822 822 consul
842 784 1012 822 Larisam
1034 791 1090 822 est
1109 786 1320 834 profectus,
1340 784 1393 822 ibi
1415 784 1462 822 de
1483 796 1596 822 sum-

179 853 241 879 ma
267 839 354 878 belli
383 840 681 878 consultaturus.
724 840 764 877 in
794 840 931 878 itinere
962 840 1008 878 ab
1040 840 1163 878 Cierio
1196 846 1233 879 et
1253 840 1458 891 Metropoli
1486 840 1597 891 legati

140 909 157 939 7
179 896 371 935 tradentes
401 896 519 934 urbes
550 908 639 934 suas
671 902 939 934 occurrerunt.
977 896 1178 946 Philippus
1199 896 1459 935 Athamanum
1482 908 1597 947 prae-

180 953 292 1003 cipue
315 952 473 1002 captivis
496 952 743 1002 indulgenter
764 951 913 997 habitis,
945 958 987 990 ut
1007 964 1076 1002 per
1096 964 1162 990 eos
1187 952 1407 991 conciliaret
1430 958 1596 1003 gentem,

178 1014 314 1046 nactus
346 1020 455 1058 spem
476 1008 725 1046 Athamaniae
755 1008 960 1058 potiendae
981 1008 1192 1046 exercitum
1214 1020 1259 1046 eo
1281 1008 1389 1047 duxit
1406 1009 1597 1059 praemis-

140 1076 159 1108 s
179 1064 230 1103 sis
252 1065 292 1103 in
314 1064 482 1103 civitates
508 1064 678 1115 captivis.
718 1070 755 1102 et
784 1064 835 1103 illi
856 1077 1036 1116 magnam
1056 1065 1321 1103 auctoritatem
1342 1065 1443 1116 apud
1465 1077 1596 1116 popu-

178 1121 276 1159 lares
298 1120 529 1167 habuerunt,
555 1120 797 1159 clementiam
818 1133 906 1172 erga
929 1134 969 1159 se
981 1121 1473 1172 regismunificentiamque
1486 1133 1597 1159 com-

141 1186 160 1218 9
180 1183 453 1221 memorantes,
484 1183 521 1216 et
539 1177 800 1228 Amynander,
820 1178 930 1216 cuius
951 1177 1165 1228 praesentis
1188 1178 1364 1216 maiestas
1386 1177 1536 1228 aliquos
1556 1178 1598 1216 in

181 1233 254 1271 fide
285 1233 559 1275 continuisset.
601 1234 766 1279 veritus,
809 1246 857 1272 ne
884 1234 1100 1272 traderetur
1130 1234 1309 1284 Philippo
1339 1234 1415 1272 iam
1445 1234 1597 1285 pridem

180 1290 280 1328 hosti
302 1296 338 1328 et
357 1290 542 1328 Romanis
560 1290 696 1328 merito
719 1295 812 1328 tunc
832 1296 992 1341 propter
1015 1290 1273 1329 defectionem
1292 1290 1468 1337 infensis,
1506 1302 1597 1329 cum

180 1346 344 1397 coniuge
375 1358 418 1384 ac
445 1346 576 1384 liberis
602 1358 724 1396 regno
746 1347 908 1385 excessit
928 1346 1252 1397 Ambraciamque
1272 1359 1313 1385 se
1335 1346 1517 1385 contulit:
1547 1347 1598 1386 ita

121 1413 161 1444 10
179 1402 405 1441 Athamania
424 1403 551 1440 omnis
574 1402 613 1440 in
636 1402 697 1440 ius
722 1402 993 1453 dicionemque
1029 1403 1195 1453 Philippi
1217 1403 1418 1441 concessit.
1461 1403 1599 1442 consul

179 1458 225 1496 ad
256 1458 462 1497 reficienda
494 1459 659 1497 maxime
681 1458 864 1505 iumenta,
893 1471 990 1509 quae
1011 1466 1046 1497 et
1067 1460 1308 1509 navigatione
1328 1465 1362 1498 et
1382 1465 1514 1510 postea
1534 1459 1598 1498 iti·

179 1580 244 1612 lien
277 1591 317 1612 zu
354 1580 492 1612 Baebius
517 1582 636 1621 stosst,
674 1592 698 1613 s.
729 1582 771 1615 37
822 1583 853 1621 6,

183 1627 218 1666 13
244 1627 296 1665 32,
326 1627 377 1663 14,
410 1628 438 1658 5.

223 1672 323 1704 4—7.
362 1673 461 1704 deeed.
490 1681 596 1710 praes.
622 1682 648 1702 S.
676 1673 729 1711 32,
756 1674 787 1711 7,
813 1675 854 1715 43

179 1717 240 1756 38,
278 1717 339 1755 37,
377 1718 433 1755 10,
466 1727 492 1748 s.
525 1727 565 1748 zu
590 1717 652 1756 32,
692 1719 730 1757 7,
765 1719 855 1750 4.—

168 1763 292 1803 suisset
316 1764 370 1801 45,
396 1764 451 1801 44,
481 1764 529 1795 10.
568 1779 605 1785 -
640 1773 742 1804 reqem
768 1773 793 1795 c.
823 1764 853 1803 8,

179 1809 216 1850 3;
243 1810 347 1849 App.:
374 1805 568 1845 ἐλπίζοντα
594 1808 644 1841 ἔτι
672 1807 737 1849 τὴν
761 1811 855 1841 Ma-

178 1849 340 1886 κεδόνωυ
366 1848 491 1897 ἀρχήν.
511 1870 551 1875 -—
574 1855 618 1885 ad
643 1855 774 1894 ludibr„
800 1864 854 1885 um

178 1898 234 1929 ihn
259 1908 298 1929 zu
322 1902 526 1940 verspotten,
561 1900 616 1937 26,
643 1900 696 1939 32,
724 1901 742 1932 5
768 1910 798 1930 a.
824 1909 853 1930 a.

180 1960 222 1966 —-
263 1945 426 1984 consulut„
472 1945 500 1983 1,
543 1946 573 1984 7,
618 1946 654 1985 1;
694 1945 748 1984 22,
799 1945 853 1983 30,

181 1990 209 2021 2.
246 2007 288 2011 --
313 1990 432 2029 fratr„
458 1989 513 2029 35,
544 1991 599 2029 47,
635 1991 664 2022 5.
698 2008 741 2011 —
766 1992 857 2022 haud

179 2046 202 2065 s.
227 2036 343 2074 decor„
382 2034 450 2074 vgl.
480 2035 534 2074 32,
572 2036 626 2075 34,
653 2035 684 2067 3.
710 2055 752 2060 —
783 2037 858 2068 duca·

180 2096 222 2101 —
257 2081 379 2120 iussus,
435 2090 460 2110 c.
495 2080 525 2120 6,
567 2082 607 2119 4;
644 2081 694 2120 10,
736 2083 786 2121 17,
815 2083 853 2114 9:

179 2127 266 2156 miles
314 2143 357 2147 —
398 2127 524 2164 potitus
561 2143 607 2146 —
644 2132 766 2158 coaetus
810 2144 854 2148 -—

180 2172 253 2202 inde
282 2172 405 2202 ductus.
433 2187 477 2192 —
502 2177 557 2202 aut
583 2173 687 2209 milit„
715 2171 766 2203 die
797 2172 854 2203 be—

179 2215 276 2246 stand
309 2215 409 2247 theils
435 2225 492 2247 aus
520 2233 562 2237 -
587 2215 686 2247 theils
712 2226 782 2249 aus.
811 2235 851 2239 —

179 2263 222 2292 ad
251 2267 350 2301 quatt.
376 2272 435 2299 m,
467 2260 604 2303 Appian.
633 2261 654 2292 l.
684 2261 724 2292 l.:
755 2258 854 2295 εἶλον

181 2305 221 2339 δὲ
254 2307 314 2338 καὶ
340 2307 412 2339 τῶν
432 2302 666 2349 ,Αντιοχείων
690 2306 724 2342 ἐς
750 2316 852 2350 τρισ-

179 2351 333 2393 χιλίους,
358 2351 429 2382 also
458 2352 540 2383 ohne
566 2351 617 2383 die
636 2351 854 2386 Athamauen.

183 2415 223 2418 -—
246 2399 282 2428 de
305 2408 439 2437 summa,
467 2407 493 2429 c.
517 2398 549 2437 6,
568 2399 607 2439 6;
623 2397 657 2428 in
675 2397 763 2429 diese
781 2398 857 2429 Zeit

181 2440 261 2473 fallt
287 2443 371 2474 auch
388 2442 455 2473 wol
476 2442 527 2474 die
549 2452 575 2475 c.
595 2445 625 2483 5,
652 2444 671 2475 2
690 2444 856 2483 angedeu-

180 2491 250 2518 tete
287 2487 482 2528 Thatigkeit
507 2486 627 2519 Cato’s.
651 2505 696 2510 —
725 2491 803 2521 Cicr.
832 2496 859 2520 et

181 2534 327 2573 Metrop.,
361 2543 387 2564 c.
417 2535 467 2574 10,
494 2535 524 2566 2.
552 2552 594 2556 -
619 2536 712 2573 trad„
743 2535 796 2573 21,
823 2535 854 2573 6,

924 1582 1160 1622 2.—z'ndulq.,
1185 1591 1211 1612 s.
1237 1579 1354 1621 fragm.
1378 1581 1399 1612 l.
1432 1582 1511 1615 133:
1529 1593 1598 1614 oum

923 1628 960 1658 ab
985 1628 1131 1667 Auqusto
1165 1633 1254 1665 capta
1280 1626 1465 1668 (Cleopatra)
1490 1629 1599 1659 indul-

921 1675 1047 1713 fflmtius
1076 1678 1277 1711 tractaretur,
1310 1673 1364 1713 23,
1393 1673 1448 1712 43,
1477 1673 1527 1705 11.
1554 1691 1597 1696 --

922 1719 1054 1749 Atlcam.
1075 1724 1161 1758 pot„
1192 1717 1266 1749 dass
1290 1716 1358 1749 ihm
1387 1717 1444 1750 der
1475 1717 1598 1749 Consul

924 1762 976 1794 die
1026 1763 1254 1794 Besitznahme
1298 1767 1459 1804 gestattet
1500 1763 1597 1804 habe,

922 1808 1007 1839 wit-d
1033 1812 1101 1840 erst
1126 1810 1180 1849 39,
1219 1809 1273 1849 23,
1317 1811 1375 1852 1ος
1413 1808 1456 1840 ih.
1482 1810 1536 1849 28,
1577 1811 1600 1842 4

922 1853 1082 1885 hemerkt.
1122 1872 1166 1876 —
1200 1856 1366 1893 praemiss,
1419 1858 1482 1886 ete.
1525 1852 1599 1895 fiigt

924 1899 1014 1930 nic-ht
1047 1899 1129 1930 ohne
1156 1898 1268 1939 Harte,
1307 1899 1348 1931 da
1372 1899 1497 1931 bereits
1522 1910 1598 1938 cap-

923 1947 996 1977 tivis
1022 1963 1061 1967 —
1090 1946 1204 1977 habitis
1229 1945 1431 1985 vorausgeht
1456 1944 1522 1976 und
1540 1944 1598 1976 der

923 1989 1049 2031 Begriff
1072 1989 1290 2021 Athamanien
1318 2000 1354 2022 so
1384 1988 1433 2022 oft
1456 1990 1598 2031 gedaeht

923 2035 1056 2067 werden
1082 2046 1180 2075 muss,
1199 2035 1270 2067 eine
1284 2045 1365 2067 neue
1378 2035 1598 2076 Bestimmung

923 2092 962 2112 zu
988 2083 1078 2113 duxit
1105 2080 1216 2115 hinzu.

973 2127 1069 2160 8—9.
1110 2133 1137 2158 et
1161 2128 1211 2158 illi
1236 2125 1419 2167 entspricht
1441 2132 1468 2159 et
1494 2128 1599 2167 Amy-

924 2174 1058 2211 nander,
1085 2174 1135 2203 illa·
1156 2171 1200 2203 ist
1224 2182 1264 2203 zu
1289 2171 1440 2203 betonen.
1459 2189 1501 2194 —
1521 2183 1597 2203 eon-

924 2220 1070 2250 timuisset
1103 2217 1148 2248 ist
1173 2216 1393 2257 conditional,
1420 2220 1598 2256 praesentis

923 2263 1012 2294 also:
1037 2265 1068 2294 εἰ
1088 2269 1155 2294 tecm
1174 2273 1327 2302 praesens
1355 2269 1439 2294 esset.
1466 2280 1510 2284 —
1534 2264 1599 2294 iam

915 2311 1017 2348 pred,
1052 2309 1084 2347 2,
1111 2309 1164 2347 59,
1190 2309 1226 2340 3:
1255 2310 1353 2340 vietor
1376 2309 1460 2347 iam,·
1483 2309 1515 2347 3,
1543 2309 1598 2348 52,

928 2356 964 2390 ὃς
990 2364 1048 2385 zur
1074 2353 1179 2385 Sache
1205 2355 1259 2393 31,
1285 2354 1339 2394 28,
1369 2355 1395 2386 1.
1413 2371 1456 2375 —
1477 2353 1598 2394 defece„

927 2399 980 2438 35,
1011 2401 1064 2432 47.
1096 2417 1139 2421 —
1172 2401 1221 2430 ius
1250 2400 1322 2438 die,
1348 2408 1373 2430 S.
1403 2399 1456 2437 32,
1485 2399 1538 2438 33,
1566 2399 1598 2439 8,

927 2444 1078 2476 'ahnliche
1103 2443 1256 2476 Formeln
1293 2454 1317 2475 s.
1344 2453 1370 2475 c.
1398 2444 1452 2483 39,
1478 2445 1517 2484 93
1542 2444 1598 2483 34,

928 2492 981 2529 57,
1012 2492 1029 2522 7
1056 2501 1086 2521 u.
1112 2499 1141 2521 a.
1168 2506 1210 2511 —
1238 2491 1371 2529 comoed„
1399 2489 1451 2529 38,
1481 2490 1532 2529 16,
1559 2490 1600 2531 93

928 2536 980 2576 28,
1009 2537 1040 2574 7,
1066 2536 1086 2568 9
1114 2545 1142 2566 u.
1168 2544 1197 2566 a,
