1715 2723
111 89 136 106 a.
152 80 205 106 Ch.
221 80 280 104 197.
564 65 687 97 LIBER
704 65 863 98 XXXIII.
888 66 980 98 CAP.
1002 67 1052 98 12.
1436 65 1511 104 199

108 170 353 224 Amynander
372 169 634 208 Athamanum
651 180 718 206 rex
735 167 866 218 paucis
885 168 1118 206 sententiam
1134 167 1315 207 absolvit:
1333 167 1384 205 ita
1401 180 1511 206 com-

108 227 325 282 ponendam
341 238 475 277 pacem
493 237 591 270 esse,
612 230 655 263 ut
671 224 827 263 Graecia
843 224 961 262 etiam
977 224 1199 262 absentibus
1216 223 1403 262 Romanis
1419 224 1510 262 satis

106 289 242 347 potens
263 283 429 322 tuendae
451 282 566 320 simul
585 281 687 332 pacis
708 280 972 331 libertatisque
993 285 1107 318 esset.
1152 280 1377 319 Aetolorum
1398 292 1510 331 aspe-
1541 288 1548 314 :

106 341 186 379 ri01
205 340 326 379 oratio
349 339 434 385 fuit,
456 338 521 389 qui
541 349 661 389 pauca
682 336 860 387 praefati,
882 342 986 375 lecte
1008 342 1123 387 atque
1146 337 1279 374 ordine
1296 337 1509 399 imperato-

104 409 187 436 rem
208 397 428 435 Romanum
449 395 584 437 facere,
608 393 725 444 quod,
749 405 847 444 quos
868 393 955 431 belli
975 393 1099 431 socios
1116 392 1331 438 habuisset,
1354 405 1442 432 cum
1464 393 1510 431 iis

105 453 411 492 communicaret
430 451 532 502 pacis
555 449 735 495 consilia,
757 449 834 487 falli
855 455 986 488 autem
1008 461 1098 487 eum
1123 453 1201 487 tota
1222 461 1276 494 re,
1295 450 1326 486 si
1348 455 1413 488 aut
1430 450 1508 487 Ro-

104 509 229 548 manis
250 521 384 560 pacem
405 512 472 546 aut
492 506 670 545 Graeciae
691 505 912 544 libertatem
934 505 1025 543 satis
1042 506 1195 543 firmam
1218 518 1258 543 se
1290 506 1420 543 credat
1446 518 1508 544 re—

105 566 285 605 licturum
309 565 380 603 nisi
402 563 579 614 Philippo
602 567 667 601 aut
695 563 820 601 occiso
842 567 908 600 aut
928 574 1045 612 regno
1067 562 1200 613 pulso,
1229 573 1325 611 quae
1344 567 1508 613 utraque

103 622 283 672 proclivia
304 634 400 664 esse,
425 620 456 658 si
475 620 632 658 fortuna
652 618 710 656 uti
732 618 855 657 vellet.
887 619 934 657 ad
951 619 1045 657 haec
1060 618 1262 664 Quinctius
1278 629 1417 668 negare
1434 620 1509 656 Λθ-
1541 625 1554 633 ”

103 678 205 717 tolos
226 683 292 717 aut
313 677 432 716 moris
454 677 719 714 Romanorum
742 687 958 713 memorem
981 680 1046 713 aut
1068 674 1139 712 sibi
1160 674 1252 725 ipsis
1273 674 1508 712 convenien-

102 739 182 773 tem
204 734 436 773 sententiam
454 733 605 771 dixisse.
647 738 685 769 et
705 731 789 770 illos
807 732 1000 782 prioribus
1022 730 1204 769 omnibus
1221 730 1393 769 conciliis
1414 742 1508 769 con—

104 790 318 842 loquiisque
340 790 386 828 de
407 788 696 828 condicionibus
716 788 820 839 pacis
843 800 1015 839 semper,
1043 799 1122 826 non
1142 792 1185 825 ut
1206 787 1251 825 ad
1273 787 1509 826 internecio—

103 858 193 885 nem
213 847 437 891 bellaretur,
469 845 716 890 disseruisse,
745 849 783 882 et
804 845 1002 883 Romanos
1028 848 1181 895 praeter
1201 843 1508 882 vetustissimum

103 915 253 941 morem
274 903 381 941 victis
398 901 577 953 parcendi
597 901 845 952 praecipuum
875 901 1101 939 clementiae
1129 901 1408 939 documentum
1439 900 1507 938 de-

104 959 204 997 disse
239 972 332 1010 pace
367 958 569 997 Hannibali
604 962 642 996 et
678 957 1055 1007 Carthaginiensibus
1096 957 1194 995 data.
1251 956 1430 994 omittere
1466 969 1507 994 se

102 1015 456 1066 Carthaginienses,
488 1027 575 1052 cum
605 1013 781 1064 Philippo
810 1014 892 1064 ipso
923 1014 1103 1064 quotiens
1132 1017 1291 1050 ventum
1313 1013 1350 1050 in
1373 1012 1507 1051 conlo—

102 1070 270 1121 quium?
298 1083 369 1109 nec
397 1083 605 1121 umquam,
634 1075 677 1108 ut
706 1070 858 1108 cederet
879 1082 1016 1120 regno,
1045 1074 1175 1108 actum
1203 1081 1298 1107 esse.
1340 1081 1389 1107 an
1419 1069 1507 1120 quia

100 1153 160 1191 45,
182 1152 236 1193 13,
259 1152 291 1192 1,
310 1152 376 1192 vgl.
397 1152 456 1185 34,
476 1152 505 1189 7,
523 1152 560 1189 43
579 1150 764 1190 Quinctius,

100 1197 158 1228 der
183 1197 263 1227 nach
287 1197 358 1227 dem
382 1195 684 1235 Zusannnenhange
715 1195 765 1225 als

100 1241 234 1283 Subject
250 1252 290 1272 zu
308 1241 434 1272 denken
452 1241 504 1281 ist,
523 1240 593 1271 halt
610 1240 659 1271 als
679 1240 765 1271 Vor-

100 1287 267 1318 sitzender
284 1287 345 1318 den
365 1286 512 1326 Vortrag
531 1286 593 1316 und
611 1285 696 1316 la'sst
713 1285 765 1316 die

100 1332 236 1373 iibrigen
255 1331 459 1363 abstinimen.
479 1349 523 1353 -
540 1331 649 1372 leg-es,
668 1341 693 1361 s.
712 1330 765 1370 32,

101 1377 385 1419 33,1.—paacis,
398 1377 534 1420 βραχέα
549 1377 609 1407 καὶ
621 1376 766 1418 μέτρια,

101 1423 151 1453 bei
183 1421 220 1454 L.
259 1421 443 1463 entspricht
481 1422 636 1463 asperior
675 1420 764 1452 nicht

95 1469 224 1510 paucis,
242 1468 385 1498 sondern
399 1467 471 1498 deni
485 1466 692 1506 Vorsehlage
707 1466 763 1496 des

98 1513 310 1556 Amynander
333 1512 447 1543 selbst.
478 1529 522 1534 —
548 1514 586 1542 ut
615 1530 636 1533 —
665 1514 765 1547 esset,

98 1557 429 1589 andersl’ol.c.1‘d:
454 1553 557 1596 ἠξίου
582 1553 765 1600 πρόνοιαν

100 1599 211 1634 αὑτοῦ
241 1600 478 1642 ποιήσασθαι
511 1597 669 1638 πάιΉτας
704 1601 763 1632 lta

97 1645 189 1699 μὴ-
206 1647 256 1683 εἰς
279 1646 419 1679 {milev
440 1644 681 1689 ἀπερείδηται
699 1644 765 1685 τὴν

99 1689 168 1736 ὀρ)
172 1689 213 1732 ὴν
231 1691 249 1723 ὁ
271 1693 476 1726 Φίλιππος.
494 1709 539 1714 -—
555 1690 683 1729 Aetol„
701 1690 764 1721 Po-

99 1738 167 1780 lyb.
187 1742 286 1768 nennt
303 1736 510 1777 Alexander,
530 1747 555 1767 s.
577 1738 635 1773 32,
655 1714 713 1773 33,ss
733 1738 763 1773 9,

97 1783 219 1814 ebenso
238 1760 720 1824 Αρρίειῃ.1.1.’ἶ.’1)εξαι11”ρος
744 1780 762 1811 ὀ

99 1829 171 1860 τῶν
199 1828 378 1859 Αἰτωλῶν
405 1823 605 1867 πρόεδρος,
634 1836 686 1856 wo
711 1825 764 1866 je-

99 1873 179 1904 doch
194 1873 253 1903 der
268 1873 370 1903 letzte
383 1871 493 1902 Ausdr
496 1872 558 1902 uck
571 1871 690 1902 unklai
708 1872 761 1901 ist.

98 1936 143 1940 —
155 1928 266 1960 pauca
279 1918 437 1960 praefuit
452 1917 496 1948 ist
515 1927 550 1947 so
566 1920 693 1956 gesagt,
712 1916 761 1946 als

101 1963 141 1993 ob
159 1961 269 2002 folgen
283 1963 382 1993 sollte
396 1961 568 1997 discernat,
587 1964 676 1993 recte
690 1962 762 2002 qm?-

99 2006 174 2037 dem
188 2026 207 2028 —
221 2007 301 2047 falli
310 2010 422 2038 autem
435 2018 441 2044 ς
456 2007 512 2037 das
527 2007 617 2037 verb.
636 2006 761 2038 finitum

101 2051 146 2082 ist
162 2052 227 2082 wol
244 2052 333 2083 nicht
349 2050 572 2092 hinzugefiigt,
589 2052 667 2082 weil
684 2062 761 2083 ora-

101 2098 147 2127 tio
176 2097 247 2137 l'm't
275 2097 491 2136 voi-ausgeht,
522 2098 600 2128 oder
628 2099 717 2128 reete
741 2116 760 2118 —

100 2141 238 2172 consile'a
267 2141 311 2172 ist
335 2141 524 2182 Erkl'zirung
551 2153 615 2172 von
639 2152 761 2184 pauca,

102 2186 160 2217 das
175 2186 458 2226 Folg.de1·1n11alt
475 2187 533 2218 der
546 2187 633 2218 Rede
647 2188 761 2228 selbst,

102 2232 165 2262 und
181 2209 256 2262 der?³
253 2231 331 2263 Satz
345 2231 605 2269 anacoluthisch,
624 2242 649 2263 s.
666 2233 693 2273 1,
707 2233 761 2272 47,

105 2276 163 2315 103
183 2277 235 2316 23,
254 2278 284 2317 2,
303 2276 379 2307 aff:
373 2276 532 2317 ,Madvig
548 2279 762 2308 ve1111.(1imzt

103 2326 144 2353 st.
167 2324 299 2359 autem,
323 2322 392 2362 νς1.
411 2324 469 2361 34,
488 2322 546 2359 27,
565 2324 595 2353 6.
613 2325 764 2354 —recte

102 2376 132 2397 a.
152 2376 192 2408 0.,
210 2377 236 2397 s.
255 2367 312 2408 28,
331 2368 388 2408 39,
408 2367 457 2398 18.
475 2386 519 2390 -
536 2378 610 2399 cum
627 2368 670 2398 iis
686 2372 762 2405 etc.,

103 2411 135 2442 in
153 2411 260 2453 Bezug
282 2410 340 2443 auf
359 2422 387 2443 c.
416 2413 472 2452 11,
498 2414 528 2444 5.
553 2432 595 2435 —
619 2415 690 2443 tota
713 2422 762 2452 re,

102 2458 179 2491 τοῖς
196 2454 294 2492 ὅλοις
308 2455 527 2501 πράγμασιν
544 2455 703 2499 ἀγνοεῖν.
719 2476 762 2479 —u

96 2502 179 2539 nisi,
196 2502 228 2532 in
245 2501 427 2534 Riicksieht
443 2501 502 2534 auf
520 2503 571 2534 die
590 2502 622 2534 in
638 2502 719 2543 falli
733 2504 765 2533 si

839 1151 988 1191 liegende
1012 1149 1177 1191 Negation
1205 1165 1226 1175 =
1252 1160 1326 1192 pam
1353 1160 1418 1180 non.
1441 1152 1507 1181 erit

837 1196 949 1237 firma,
966 1197 1043 1233 uisi,
1061 1206 1086 1226 s.
1105 1196 1131 1236 1,
1146 1196 1199 1233 51,
1216 1195 1245 1226 7.
1265 1213 1308 1217 -—
1324 1197 1384 1225 aut
1399 1197 1506 1225 occiso

838 1241 894 1272 hat
917 1241 1031 1271 weder
1056 1240 1172 1283 Polyb.
1196 1240 1279 1271 noch
1302 1238 1439 1281 Appian.
1469 1258 1507 1263 —

838 1289 961 1327 uti-aq„
981 1297 1006 1316 5.
1028 1286 1080 1326 32,
1102 1287 1151 1323 11,
1174 1285 1221 1316 15.

885 1332 972 1362 541.
998 1340 1157 1366 memora,
1176 1330 1243 1371 vgl.
1266 1329 1299 1367 1,
1318 1329 1378 1365 28,
1399 1330 1455 1368 113
1475 1329 1506 1367 3,

840 1376 896 1416 69,
921 1376 941 1407 4
964 1387 995 1406 u.
1021 1386 1049 1407 a.
1075 1394 1115 1398 -
1139 1376 1205 1406 sibi
1226 1377 1326 1418 ipsis,
1356 1374 1503 1406 dieselbe

839 1419 949 1452 Hiirze
969 1421 1029 1452 wie
1047 1422 1079 1452 in
1092 1420 1391 1461 Vergleiehungen,
1409 1431 1435 1451 s.
1452 1421 1504 1460 32,

838 1467 891 1505 38,
910 1468 935 1507 1,
954 1471 1036 1498 statt
1053 1468 1231 1497 sententiis
1247 1466 1288 1496 ab
1306 1467 1390 1508 ipsis
1406 1465 1505 1497 dictis

836 1522 983 1549 cannen„
1002 1512 1049 1542 sie
1063 1511 1153 1543 seien
1168 1511 1416 1552 inconsequent.
1443 1511 1504 1542 Die

839 1558 952 1588 beiden
971 1555 1149 1588 Gerlanken
1166 1557 1300 1587 werden
1324 1556 1504 1587 chiastisch

838 1601 1049 1641 ausgesiihrt,
1082 1602 1141 1632 der
1171 1602 1274 1633 (lrittc
1304 1600 1411 1632 Punkt
1443 1603 1505 1632 καὶ

837 1646 999 1689 μάλιστα
1013 1647 1077 1677 τοῦ
1090 1644 1348 1685 τῶνἙλλήνων
1362 1647 1504 1689 συμφέ-

838 1703 967 1732 ροντος
995 1692 1038 1722 ist
1066 1691 1139 1722 hier
1167 1691 1395 1732 iibergangen,
1424 1692 1504 1722 aber

836 1736 857 1778 §
879 1738 928 1773 10,
946 1747 997 1767 wo
1016 1737 1169 1767 derselbe
1186 1737 1268 1767 ohne
1286 1737 1504 1777 Verbindung

836 1782 934 1819 steht,
952 1782 1224 1822 beriicksichtigt.
1251 1781 1434 1822 Uebrigens
1447 1782 1503 1813 hat

837 1826 874 1857 L.
894 1827 924 1857 in
943 1828 1002 1857 den
1023 1826 1165 1858 XVoiten
1190 1827 1257 1857 sithi
1279 1829 1410 1858 1'.e.0nv
1430 1832 1503 1858 ent-

835 1873 946 1903 weder
960 1872 1011 1903 die
1026 1873 1082 1903 des
1098 1872 1212 1914 Polyb
1228 1883 1256 1903 c.
1272 1871 1324 1912 20,
1343 1874 1374 1903 l:
1393 1869 1503 1904 ἀστο-

831 1919 914 1960 χεῖν
943 1914 1054 1948 αὐτὸν
1081 1936 1102 1939 -
1130 1920 1192 1952 τῆς
1221 1915 1333 1948 αὑτοῦ
1362 1918 1502 1960 προθέ-

837 1972 944 1999 σεως,
971 1962 1003 1993 in
1020 1963 1123 1993 denen
1149 1960 1275 2004 αὑτοῦ,
1300 1972 1327 1993 5.
1346 1961 1422 2004 §4‚
1447 1962 1505 1993 auf

836 2007 1104 2048 Quinctiusgeht,
1119 2006 1502 2048 unrichtigaqulexan-

835 2054 892 2084 der
916 2053 1074 2093 bezogen,
1099 2052 1221 2084 Nissen
1240 2054 1297 2092 33,
1322 2054 1418 2090 oder,
1442 2054 1499 2085 das

834 2097 981 2129 w.asPol
992 2109 1018 2129 c
1029 2100 1167 2138 )Osagt:
1183 2095 1413 2142 ’ὶαυιιάζειι-
1423 2099 1502 2134 πῶς

830 2144 987 2185 αετέχοι
992 2154 1047 2179 τες
1064 2143 1142 2175 τότε
1161 2144 1224 2175 τοῦ
1244 2144 1328 2186 neni
1348 2142 1500 2183 τῆςδια-

833 2186 1112 2241 Abosmcovss'o'y
1115 2200 1157 2219 οι
1165 2185 1331 2223 (ἱπαντας
1341 2199 1360 2219 ι
1364 2186 1501 2220 ἱνᾶκα

834 2230 1038 2269 ταλλακῑως
1055 2244 1140 2276 §soi
1146 2243 1199 2272 σι
1217 2234 1317 2264 daun:
1337 2231 1441 2276 ὑμεις
1459 2232 1498 2265 δὲ

832 2289 946 2310 ταναι
950 2280 1008 2309 τια
1023 2280 1266 2323 παρακαλεῖτε
1280 2279 1345 2310 νῡι
1359 2278 1500 2309 wieder—

835 2324 990 2364 gegeben.
1015 2343 1057 2346 ψ
1078 2326 1219 2366 praeter
1236 2323 1320 2354 wird
1344 2324 1376 2354 in
1401 2326 1500 2355 omit-

834 2372 906 2400 tere
930 2373 994 2400 etc.
1018 2369 1142 2400 wieder
1165 2367 1412 2409 ausgenonnnen
1434 2370 1496 2400 und

835 2414 1033 2455 gesteigert,
1058 2414 1124 2453 vgl.
1150 2424 1209 2444 zur
1233 2413 1336 2444 Sache
1360 2415 1418 2451 31,
1444 2415 1497 2453 31,

837 2460 888 2490 15.
904 2477 945 2481 -
959 2469 1001 2490 (ιιι
1016 2461 1105 2501 qnia,
1123 2459 1276 2489 dasselbe
1290 2459 1399 2491 iniisse
1416 2460 1497 2491 auch

831 2505 918 2543 ⁴,ie'tzt
958 2503 1177 2545 festgehalten
1219 2504 1369 2543 werden,
1414 2505 1496 2535 deun
