1715 2723
211 91 296 133 202

661 89 787 122 LIBER
810 89 989 123 XXXVII.
1022 89 1114 122 CAP.
1131 91 1185 124 26.

1480 97 1507 115 a.
1527 96 1555 115 u.
1573 88 1635 117 564.

211 193 363 233 videbat
394 191 576 231 sustineri
609 202 689 229 non
712 204 849 242 posse,
879 204 997 242 quam
1017 192 1123 242 quod
1143 204 1204 231 res
1227 193 1372 232 navalis
1392 193 1475 244 ipsa
1497 205 1568 244 per
1589 206 1632 233 se

211 256 277 289 aut
313 253 490 299 temptata
527 247 599 286 sibi
630 259 820 298 umquam
846 248 1005 287 feliciter
1034 253 1100 287 aut
1126 253 1218 287 tunc
1244 261 1404 299 magnae
1436 256 1472 288 et
1502 255 1628 288 certae

173 315 194 347 3
213 306 374 345 fiduciae
412 310 522 343 esset.
573 310 653 342 erat
670 310 800 343 tamen
823 310 1066 343 momentum
1087 305 1128 343 in
1150 305 1366 355 praesentia
1389 306 1490 356 spei,
1523 306 1631 356 quod

213 369 249 401 et
272 373 452 412 magnam
482 365 631 411 partem
663 361 835 399 Rhodiae
867 361 996 400 classis
1029 361 1129 399 circa
1157 361 1290 399 Patara
1321 373 1405 400 esse
1428 368 1465 401 et
1483 363 1631 401 Eume-

213 430 290 457 nen
310 429 441 468 regem
464 429 554 455 cum
578 417 760 455 omnibus
781 416 942 456 navibus
963 418 1042 456 suis
1069 417 1220 456 consuli
1244 417 1394 456 obviam
1417 418 1458 456 in
1480 418 1631 457 HeHes-

171 489 193 520 4
212 479 377 525 pontum
399 475 617 524 profectum
641 473 832 520 audierat3
854 474 996 524 aliquid
1018 474 1131 512 etiam
1150 473 1307 512 inflabat
1327 474 1477 512 animos
1499 474 1630 514 classis

209 530 360 570 Rhodia
385 530 432 568 ad
454 530 614 568 Samum
645 542 714 580 per
743 530 986 569 occasionem
1017 530 1153 568 fraude
1183 535 1448 580 praeparatam
1468 530 1630 569 absum-

171 598 190 629 5
211 594 285 638 pta.

339 586 398 624 his
429 588 573 633 fretus,
613 586 851 638 Polyxenida
883 599 974 625 cum
1005 587 1124 625 classe
1150 586 1197 624 ad
1226 587 1490 636 temptandam
1521 587 1631 625 omni

212 643 330 682 modo
363 643 584 681 certaminis
614 645 812 681 fortunam
844 643 962 682 misso
977 673 985 689 ,
1015 643 1098 693 ipse
1120 643 1248 694 copias
1268 643 1315 681 ad
1335 643 1493 682 Notium
1515 643 1632 682 ducit.

210 701 249 738 id
278 700 467 750 oppidum
489 699 787 749 Colophonium,
820 699 915 737 mari
937 700 1158 747 imminens,
1190 699 1296 738 abest
1317 711 1337 737 a
1364 704 1492 738 vetere
1512 699 1630 738 Colo-

171 771 192 803 6
212 757 342 807 phone
373 756 451 794 duo
483 757 606 793 ferme
638 756 739 803 milia
767 768 966 805 passuum.
1014 761 1050 794 et
1077 756 1201 806 ipsam
1232 755 1370 794 urbem
1400 768 1491 794 suae
1517 760 1631 806 pote-

212 813 316 851 statis
338 824 421 851 esse
440 811 612 858 volebat,
639 812 734 850 adeo
755 812 1017 862 propinquam
1039 812 1193 862 Epheso
1207 843 1215 858 ,
1246 818 1288 850 ut
1307 812 1402 850 nihil
1423 817 1524 851 terra
1545 824 1631 850 ma-

211 870 293 908 rive
321 873 470 920 ageret,
499 868 603 918 quod
636 880 715 906 non
746 867 962 906 subiectum
995 868 1116 906 oculis
1139 868 1474 918 Colophoniorum
1497 880 1540 906 ac
1561 880 1632 918 per

173 951 191 982 7
212 938 278 964 eos
310 931 449 963 notum
478 925 669 974 extemplo
696 924 882 963 Romanis
907 929 1017 971 esset,
1052 936 1151 974 quos
1175 924 1302 962 audita
1323 924 1524 963 obsidione
1546 936 1638 962 non-

212 981 408 1020 dubitabat
437 980 483 1019 ad
515 993 630 1031 opem
657 981 782 1019 sociae
813 979 901 1019 urbi
928 980 1129 1019 ferendam
1153 981 1313 1019 classem
1336 980 1382 1018 ab
1404 981 1518 1019 Samo
1541 992 1630 1019 mo—

171 1058 191 1090 g
210 1045 341 1085 turos3
365 1050 449 1076 eam
471 1037 715 1076 occasionem
735 1036 996 1088 Polyxenidae
1019 1037 1064 1075 ad
1085 1049 1169 1075 rem
1190 1037 1399 1088 gerendam
1419 1038 1516 1075 fore.
1557 1037 1632 1087 igi-

210 1101 273 1133 tur
296 1094 478 1145 operibus
500 1105 726 1144 oppugnare
749 1093 888 1132 urbem
911 1093 1129 1144 adgressus,
1151 1094 1197 1132 ad
1219 1106 1323 1132 mare
1346 1093 1520 1144 partibus
1532 1093 1631 1132 dua-

210 1151 282 1189 bus
314 1151 455 1202 pariter
485 1150 767 1189 munitionibus
798 1150 992 1197 deductis,
1024 1150 1220 1200 utrimque
1243 1151 1373 1188 vineas
1394 1155 1430 1189 et
1452 1162 1632 1200 aggerem

172 1236 191 1267 9
211 1220 325 1246 muro
349 1207 518 1245 iniunxit
540 1212 576 1245 et
597 1206 856 1245 testudinibus
880 1207 1017 1245 arietes
1040 1207 1223 1245 admovit.
1256 1206 1398 1257 quibus
1417 1206 1535 1245 territi
1547 1218 1632 1244 ma-

208 1265 253 1302 lis
275 1263 507 1314 Colophonii
532 1269 704 1301 oratores
727 1264 886 1302 Samum
908 1264 954 1301 ad
978 1263 1020 1301 L.
1042 1263 1249 1301 Aemilium
1264 1293 1273 1309 ,
1304 1263 1420 1301 fidem
1441 1263 1630 1313 praetoris

152 1346 191 1378 10
209 1321 422 1371 populique
452 1320 618 1358 Romani
648 1320 921 1370 implorantes,
962 1320 1164 1358 miserunt.

209 1421 277 1453 lich
303 1420 532 1461 ausgedriickt.
566 1422 636 1460 sibi,
662 1420 741 1452 weil
766 1430 799 1452 es
819 1419 884 1452 Ge-

210 1467 316 1498 ‹lanke
349 1467 404 1498 des
440 1464 564 1506 Konigs
602 1465 665 1506 istg
692 1466 746 1506 35,
776 1467 826 1504 17,
854 1467 883 1499 8.

209 1524 340 1554 qtzaqnae
360 1530 403 1534 —
416 1514 489 1552 fid„
505 1521 635 1552 grosses
649 1511 715 1542 und
734 1511 884 1542 wohlbe-

210 1558 387 1599 griindetes
412 1556 601 1588 Vertrauen
627 1557 802 1597 einsssssste,
833 1560 885 1588 et-

209 1613 280 1634 was
307 1602 425 1634 freiere
452 1602 666 1643 Anwendung
699 1602 754 1634 des
783 1602 883 1642 genit.

208 1648 296 1690 qual.
328 1668 359 1672 d
389 1654 500 1688 tamen,
527 1647 677 1688 obgleich
703 1647 754 1679 die
772 1646 883 1679 Flotte

205 1695 292 1725 noch
318 1693 425 1724 nichts
451 1693 675 1733 ausgerichtet
710 1694 813 1733 hatte,
847 1704 883 1724 so

207 1750 280 1771 war
318 1739 384 1779 sie,
430 1739 469 1770 da
512 1739 569 1770 das
614 1738 789 1770 Landheer
832 1739 883 1770 (lie

209 1784 332 1816 Feinde
350 1784 440 1815 nicht
461 1784 618 1816 abhalten
642 1785 775 1823 konnte,
801 1784 885 1815 doch

209 1830 300 1862 seiue
333 1830 460 1871 einzige
494 1829 666 1871 Hoffnung,
700 1830 765 1861 und
794 1830 883 1862 diese

209 1876 322 1907 wurde
362 1876 464 1907 durch
501 1875 551 1907 die
590 1874 768 1907 Umstiinde
805 1875 826 1916 ᾗ
865 1877 884 1908 3

210 1921 400 1962 gesteigert.
428 1939 471 1943 ——
498 1923 532 1952 in
551 1932 668 1960 praes,
697 1925 794 1953 unter
823 1921 884 1953 den

209 1966 481 2007 gegenw'zirtigen
534 1966 805 2007 Verh'altnissen,
856 1977 883 1999 c.

210 2013 265 2054 36,
291 2013 309 2045 8
335 2023 364 2042 u.
398 2021 426 2042 a.
451 2030 494 2034 —
518 2014 651 2052 aliquid,
690 2012 723 2042 in
757 2011 886 2052 einiger

210 2057 407 2097 Beziehung,
442 2057 707 2097 einigermassen,
741 2059 796 2097 23,
833 2058 883 2098 13,

210 2105 247 2136 4:
273 2106 302 2135 si
316 2104 458 2143 fortuna
484 2120 526 2124 ——
555 2105 681 2144 aliquid
702 2106 883 2136 variaverit.

210 2166 254 2170 —
279 2150 400 2189 inflab„
425 2158 452 2179 e.
480 2148 532 2188 12,
552 2151 582 2182 4.
614 2168 645 2171 -
674 2151 806 2189 animos,
824 2159 886 2180 nur

208 2194 265 2225 des
292 2193 485 2234 Antiochus,
514 2195 566 2234 24,
595 2196 649 2234 40,
683 2195 732 2227 10.

257 2285 354 2317 5-8.
388 2286 531 2324 Notium,
565 2283 794 2325 urspriinglich
832 2284 883 2315 die

210 2328 407 2361 Hafenstadt
424 2329 619 2371 Colophons,
637 2339 708 2360 war
725 2330 808 2360 nach
827 2330 884 2360 der

209 2375 462 2415 Entvo'lkerung
497 2375 607 2407 dieser
646 2374 744 2406 Stadt
782 2375 885 2405 durch

212 2419 440 2463 Lysimachus,
468 2431 493 2452 3.
513 2419 653 2452 Pausan.
683 2421 710 2459 1,
733 2422 764 2459 9,
787 2421 824 2459 83
853 2422 883 2459 7,

213 2468 243 2505 3,
262 2468 289 2506 1,
306 2467 397 2498 mehr
409 2466 565 2497 bewohnt
579 2465 785 2497 wordenund
796 2465 884 2496 hiess

211 2511 325 2553 spiiter
365 2511 469 2543 selbst
502 2510 682 2553 Colophon.
722 2528 768 2532 —-
818 2517 885 2551 vet„

1224 1319 1432 1358 Aemilium
1461 1325 1497 1357 et
1526 1319 1633 1358 Sami

954 1419 1103 1462 Thucyd.
1120 1421 1149 1461 3,
1170 1421 1223 1459 34,
1246 1421 1281 1452 1:
1302 1417 1344 1452 οὗ
1363 1418 1526 1461 (Νοτίου)
1546 1431 1631 1451 κατ-

954 1462 1095 1508 ῴκηντο
1144 1462 1383 1510 Κολοφώνιοι
1436 1466 1498 1506 τῆς
1554 1461 1631 1498 ἅνω

953 1509 1093 1548 πόλεως
1113 1510 1309 1547 ἑαλωκυίας
1323 1515 1399 1550 ete„
1424 1510 1467 1542 ib,
1493 1512 1512 1550 ξ
1531 1512 1560 1544 4.
1587 1531 1630 1536 --

953 1563 981 1588 et
1008 1559 1110 1596 ipsam
1136 1561 1197 1588 ete.
1227 1556 1271 1587 ist
1289 1557 1371 1587 ohne
1400 1556 1633 1597 entsprechen-

955 1602 1017 1633 den
1046 1601 1135 1641 San,
1165 1602 1204 1632 da
1234 1611 1308 1632 man
1337 1602 1421 1632 nach
1444 1601 1515 1632 dem
1542 1601 1632 1633 Vor—

952 1648 1087 1687 hergeh.
1119 1651 1286 1678 erwarten
1309 1647 1449 1678 miisste:
1485 1653 1513 1678 et
1537 1648 1633 1687 Poly-

952 1695 1086 1724 xenidae
1125 1695 1315 1725 occasionem
1361 1694 1458 1731 darm
1502 1692 1542 1723 ob
1592 1691 1632 1726 L.

954 1738 1057 1769 selbst
1094 1748 1158 1769 von
1197 1738 1256 1770 der
1291 1738 1502 1778 begonnenen
1544 1737 1632 1769 Con-

953 1788 1070 1815 struct.
1096 1783 1309 1824 abgegangen
1328 1783 1376 1815 sei
1402 1783 1466 1814 und
1490 1783 1550 1815 mit
1565 1794 1633 1815 eam

953 1832 1102 1861 occasion.
1126 1833 1188 1861 etc.
1215 1829 1287 1861 eine
1313 1829 1435 1860 andere
1452 1828 1634 1870 VVendung

954 1884 1143 1915 genommen
1169 1875 1264 1915 habe,
1300 1885 1325 1906 s.
1360 1884 1385 1904 e.
1424 1875 1477 1913 53,
1512 1874 1550 1914 33
1576 1875 1631 1914 21,

954 1921 1009 1960 28,
1058 1921 1085 1961 1,
1130 1921 1209 1952 oder
1247 1919 1299 1951 ein
1341 1918 1463 1951 Fehler
1498 1918 1531 1950 in
1573 1919 1633 1951 der

954 1965 1058 1997 Stelle
1091 1965 1179 2006 liege
1206 1965 1354 2005 (Madvig
1380 1974 1479 1996 verm.
1521 1971 1549 1997 et
1575 1967 1632 1996 hos

953 2015 1040 2042 statt
1063 2012 1165 2052 quos),
1191 2011 1236 2042 ist
1255 2010 1347 2041 nicht
1371 2009 1481 2041 sicher
1501 2020 1542 2041 zu
1559 2014 1632 2041 ent-

953 2056 1118 2088 scheiden.
1146 2075 1184 2078 ——
1205 2058 1322 2096 urbem,
1343 2056 1429 2086 kann
1454 2056 1538 2086 nach
1559 2056 1631 2087 dem

953 2101 1059 2143 Folg.,
1086 2102 1262 2134 besonders
1289 2102 1365 2140 §S:
1399 2103 1443 2132 ad
1475 2112 1562 2133 mare
1589 2119 1631 2122 —

954 2150 1035 2186 ded„
1064 2159 1124 2179 nur
1151 2147 1282 2179 Notium
1306 2146 1389 2180 sein.
1407 2165 1451 2168 —
1462 2149 1629 2187 propinq„

955 2193 1119 2225 zwischen
1144 2192 1291 2235 Ephesus
1324 2192 1389 2223 und
1414 2191 1549 2223 Notium
1573 2191 1631 2232 lag

954 2249 1017 2269 nur
1050 2239 1107 2270 der
1139 2238 1224 2279 Berg
1257 2236 1437 2270 Gallesion.
1472 2255 1516 2259 —
1540 2239 1631 2268 Colo-

947 2286 1058 2323 plion„
1095 2294 1130 2315 so
1170 2284 1313 2315 konnten
1360 2283 1444 2314 auch
1480 2282 1532 2314 die
1566 2282 1630 2313 Be-

953 2330 1091 2361 wohner
1117 2340 1179 2360 von
1212 2328 1346 2360 Notium
1374 2331 1519 2368 genannt
1540 2337 1630 2359 wer-

955 2375 1027 2414 den,
1058 2385 1083 2406 s.
1109 2373 1130 2415 ξ
1158 2377 1194 2414 53
1221 2376 1261 2414 93
1287 2384 1312 2405 c.
1340 2375 1394 2413 28,
1422 2375 1461 2413 43
1491 2374 1545 2413 38,
1573 2374 1628 2413 39,

954 2421 992 2452 8:
1022 2422 1228 2460 Colophoniis,
1262 2422 1320 2460 qui
1349 2421 1383 2450 1⁴72
1414 2420 1508 2450 Notio
1541 2419 1631 2450 laabi-

953 2467 1069 2497 tabam.
1100 2483 1142 2488 —-
1171 2476 1265 2498 occas.
1294 2482 1338 2486 -—-
1362 2465 1413 2502 ad,
1439 2465 1470 2504 4,
1500 2465 1553 2504 53,
1576 2465 1628 2497 10.

954 2528 999 2533 —-
1047 2513 1212 2550 testudin„
1265 2509 1485 2550 vermittelst,
1533 2512 1632 2540 unter
