1715 2723
12 144 15 162 ²
61 161 64 164 -
119 159 145 179 a.
164 152 214 179 ch.
235 152 293 177 187.

562 150 686 183 LIBER
704 149 897 184 XXXVIII.
922 150 1013 183 CAP.
1031 151 1084 184 60.

1452 145 1536 192 389

121 255 309 308 Scipionis
331 266 558 305 possessum
576 254 728 306 publice
748 260 971 305 quaestores
991 260 1146 306 praetor
1175 255 1288 294 misit.
1341 267 1469 306 neque
1495 254 1537 293 in

120 314 166 353 iis
184 324 264 350 non
286 312 402 351 modo
423 311 627 362 vestigium
648 311 769 349 ullum
785 311 1000 362 comparuit
1015 311 1201 361 pecuniae
1216 311 1354 363 regiae,
1376 312 1442 351 sed
1464 323 1536 349 ne-

122 381 318 421 quaquam
339 373 488 408 tantum
507 368 704 407 redactum
720 372 787 415 est,
802 373 965 418 quantae
987 380 1161 406 summae
1176 368 1378 407 damnatus
1402 370 1536 407 suerat.

123 427 254 465 collata
266 438 308 464 ea
320 425 483 476 pecunia
495 437 515 463 a
527 424 697 475 cognatis
719 424 929 475 amicisque
952 429 988 462 et
1010 424 1209 463 clientibus
1231 429 1287 463 est
1297 425 1338 463 L.
1351 424 1533 475 Scipioni,
1552 433 1572 464 9

122 490 175 528 ut,
206 483 237 521 si
257 482 446 532 acciperet
465 493 559 527 eam,
580 480 809 530 locupletior
830 480 1022 531 aliquanto
1048 486 1157 527 esset,
1190 493 1305 531 quam
1326 486 1413 519 ante
1434 481 1534 519 cala-

123 539 291 578 mitatem
322 540 457 576 fuerat.
498 537 593 575 nihil
621 536 786 586 accepit3
818 548 915 587 quae
937 537 1150 575 necessaria
1180 537 1227 575 ad
1248 537 1393 576 cultum
1416 541 1535 584 erant,
1557 542 1596 575 10

122 596 320 646 redempta
351 594 385 632 ei
415 607 435 632 a
465 592 652 644 proximis
689 593 860 642 cognatis
891 597 1003 639 sunt;
1035 598 1278 644 verteratque
1307 594 1535 644 Scipionum

120 651 263 691 invidia
282 652 322 690 in
341 656 560 702 praetorem
579 654 615 687 et
634 648 839 687 consilium
862 649 943 687 eius
975 653 1012 687 et
1033 655 1286 688 accusatores.

118 807 296 837 possessum
322 805 387 826 von
404 796 542 834 posside,
575 804 599 825 s.
626 804 653 825 c,
684 794 734 831 16,
756 795 796 832 43

125 844 178 882 31,
207 843 259 881 31,
287 842 306 874 6
330 851 361 871 11.
388 839 453 882 oft3
479 850 512 871 es
538 839 582 871 ist
611 839 660 870 (116
689 840 795 869 missio

125 891 159 919 in
184 890 272 926 bona,
298 886 424 918 welche
451 886 509 917 der
533 885 640 916 ‘altere
665 883 796 915 Bericht

125 933 217 964 nicht
246 932 356 971 kennt,
399 931 439 962 da
478 930 512 962 in
553 931 610 962 der
643 928 795 961 friiheren

123 978 199 1010 Zeit
223 988 284 1009 nur
307 977 359 1009 die
384 976 517 1015 Person,
551 986 587 1007 so
618 975 714 1016 lange
748 974 796 1006 sie-

124 1023 149 1055 F
153 1023 272 1055 reiheit
294 1034 323 1054 u.
352 1022 573 1062 Biirgerrecht
590 1022 695 1059 hatte,
720 1019 795 1052 haf-

124 1073 205 1108 tete,
251 1069 307 1099 das
351 1067 533 1107 Vermiigen
579 1067 661 1097 ohne
701 1066 795 1097 ihren

123 1114 252 1146 Willen
288 1113 378 1144 nicht
411 1122 674 1153 weggenommen
707 1121 795 1143 wer-

125 1160 184 1191 den
211 1160 345 1193 konnte,
380 1158 536 1189 wahrend
568 1157 616 1189 sie
654 1157 687 1188 in
724 1157 795 1188 dem

124 1204 415 1246 Peculatprocesse
461 1203 517 1234 des
556 1205 585 1235 7.
626 1202 793 1234 Jahrhun-

122 1251 225 1289 derts,
251 1250 311 1281 den
336 1248 491 1280 Valerius
515 1248 634 1280 Antias
669 1258 709 1279 an
743 1247 793 1279 die

124 1296 226 1328 Stelle
252 1295 307 1327 des
328 1294 580 1336 Multprocesses
606 1294 661 1325 des
686 1292 794 1335 Scipio

125 1345 253 1383 gesetzt
277 1341 346 1379 hat,
375 1343 537 1381 gestattet
567 1349 648 1378 war,
682 1350 708 1370 s.
738 1338 793 1369 lex

125 1386 254 1427 (Acilia)
285 1386 494 1427 repetundar.
526 1384 603 1416 CIL.
628 1384 650 1416 Ι.
675 1395 704 1426 p.
739 1385 793 1423 61,

125 1431 228 1463 LVII:
265 1433 337 1472 quei
373 1442 409 1462 ex
446 1432 519 1462 hace
554 1432 617 1471 Zeye
648 1431 793 1461 condem-

123 1484 217 1509 natus
244 1479 304 1509 erit
338 1478 499 1516 quaestori
522 1477 656 1514 praedes
686 1476 792 1516 facito

123 1526 172 1555 dec
195 1524 231 1554 de
253 1524 366 1554 consili
382 1522 512 1553 maioris
531 1523 636 1559 partis
668 1526 793 1552 centen—

122 1571 178 1608 tia,
218 1570 332 1608 quanti
365 1569 407 1598 ez's
439 1569 627 1598 censuerint.
667 1568 713 1597 aci
749 1568 793 1597 ita

118 1616 252 1653 praedes
276 1615 360 1644 datez‘
385 1623 449 1643 non
473 1618 576 1653 erunt,
610 1613 690 1643 bona
728 1613 794 1643 eius

114 1660 220 1700 facito
264 1660 393 1698 puplice
430 1655 676 1697 possideantur,
723 1668 795 1688 con-

122 1710 336 1746 quaerantur,
388 1709 528 1735 veneant.
571 1721 614 1725 —
648 1708 794 1743 quaestor

124 1752 253 1789 accipito
277 1756 305 1781 et
329 1752 363 1780 in
387 1751 511 1781 tabolez's
522 1750 673 1788 poplieeis
689 1750 794 1787 scrip-

124 1802 190 1827 mm
205 1796 331 1833 habeto,-
357 1793 437 1826 Tab.
456 1794 549 1825 Bant.
576 1795 634 1826 11:
659 1796 705 1826 sez'
721 1805 793 1826 con-

123 1843 286 1872 demnatus
317 1843 377 1873 erit
410 1858 455 1863 —
472 1841 606 1879 praedes
632 1842 675 1871 ad
696 1850 793 1880 qaae-

123 1893 236 1918 starem
260 1888 330 1918 urb.
351 1888 401 1918 det
425 1892 479 1918 auc
495 1886 575 1916 bona
592 1887 658 1916 eius
672 1887 795 1924 poplz'ce

116 1934 343 1971 possideantur
363 1932 482 1972 facz'to3
507 1930 639 1962 Hermes
663 1932 690 1969 1,
713 1932 793 1968 194;

128 1978 208 2017 1963
233 1978 309 2011 208.
338 1996 377 2000 -—
403 1982 570 2018 quaestor„
598 1976 649 2007 die
675 1975 793 2007 stiidti-

124 2023 222 2054 schen
241 2021 444 2064 Quaestoren
464 2023 603 2053 nahmen
620 2022 672 2053 (116
691 2020 795 2053 Giiter

125 2069 180 2099 des
219 2067 469 2100 Verurtlieilten
512 2066 564 2099 fiir
605 2067 665 2098 den
699 2066 795 2098 Staat

124 2112 279 2153 (publice)
291 2113 323 2144 in
338 2113 447 2145 Besitz
459 2113 523 2144 und
537 2111 732 2144 verkauften
747 2112 794 2144 sie

123 2161 181 2191 sub
194 2160 293 2199 hasta,
308 2170 332 2191 s.
342 2158 431 2190 Fest.
446 2160 562 2190 hastae
575 2169 602 2199 p.
617 2159 677 2191 101
690 2169 698 2197 3
710 2156 793 2190 Gell.

129 2205 179 2245 13,
213 2206 267 2245 25,
302 2205 363 2244 293
397 2203 497 2236 Gaius
531 2207 561 2244 4,
604 2205 666 2236 146
695 2214 725 2234 11.
752 2213 793 2243 a„

123 2249 192 2290 vgl.
232 2249 269 2283 L.
303 2252 335 2290 4,
363 2252 414 2291 15,
440 2252 477 2283 S:
509 2255 685 2290 quaestores
719 2260 794 2281 ven-

125 2297 196 2326 dere
218 2306 254 2326 ea
280 2297 361 2327 bona
386 2302 479 2336 atque
501 2298 536 2327 in
558 2296 720 2334 publicum
743 2305 795 2326 re-

125 2342 229 2381 digere
273 2340 414 2381 (where).
452 2358 488 2362 ‹-
522 2351 620 2380 neque
651 2357 696 2362 —-
731 2351 796 2371 non

123 2388 213 2416 modo
249 2401 295 2412 =
329 2393 357 2418 et
395 2397 459 2417 non
500 2389 588 2417 modo
630 2397 706 2417 non.
753 2404 791 2407 —-

122 2437 258 2471 quantae
296 2443 320 2463 s.
359 2432 441 2462 nach
479 2437 599 2463 tantum
639 2430 706 2471 vgl.
742 2431 795 2470 33,

125 2477 179 2516 46,
201 2478 238 2508 7:
262 2483 413 2518 quantam
433 2479 571 2518 qratiam
596 2494 637 2498 ——
663 2483 795 2514 tantum,

125 2521 259 2552 {ihnlich
293 2524 323 2561 5,
359 2523 410 2563 10,
445 2524 483 2561 53
517 2523 573 2561 28,
608 2523 661 2560 46,
696 2524 726 2555 5.
752 2539 795 2543 ——-

125 2569 234 2599 collata
257 2578 291 2599 ea
309 2571 382 2607 etc,
409 2567 452 2598 ist
469 2567 501 2598 in
531 2567 716 2607 Beziehung
741 2564 800 2598 auf

864 800 900 825 ut
923 796 954 825 si
968 805 1034 825 eam
1051 799 1112 826 ete.
1131 799 1247 835 gesagt
1265 806 1273 835 3
1298 795 1356 826 der
1375 795 1455 828 Sinn
1473 795 1535 826 ist:

864 850 942 880 quae
979 846 1067 872 tanta
1094 840 1169 881 fuit
1201 844 1274 874 etc..
1303 852 1328 872 s.
1355 842 1407 880 29,
1435 842 1465 881 8,
1495 842 1533 874 11

865 896 894 919 11,
919 895 967 925 3.,
992 885 1025 916 11ι
1046 886 1104 917 (161·
1119 885 1296 917 Periocha:
1322 888 1536 918 innumerabi-

865 933 922 962 lem
932 934 1111 970 pecuniam.
1134 949 1180 953 —-
1203 934 1348 972 clientib„
1373 942 1397 964 s.
1424 935 1455 970 5,
1480 932 1534 971 32,

866 977 902 1009 8:
927 987 958 1008 se
975 976 1037 1015 (die
1057 975 1224 1016 fflienten)
1241 980 1407 1010 collaturos
1423 979 1538 1019 quanti

863 1023 1029 1054 damnatus
1060 1029 1136 1054 esset
1143 1034 1158 1062 ,·
1195 1024 1278 1054 nach
1319 1023 1419 1055 altem
1451 1022 1535 1054 Her-

863 1067 1011 1099 kommen
1047 1078 1159 1100 waren
1198 1068 1286 1100 diese
1328 1068 1537 1111 verpflichtet

864 1112 1110 1153 beizusteuern3
1152 1113 1342 1155 Schwegler
1382 1116 1412 1152 2,
1451 1115 1535 1154 5803

864 1157 1038 1190 Mommsen
1065 1158 1198 1191 Forsch.
1233 1161 1260 1197 1,
1287 1161 1362 1193 370.
1388 1178 1429 1182 —
1448 1165 1535 1202 esset,

862 1214 887 1234 s.
916 1204 968 1243 37,
996 1205 1048 1244 34,
1077 1206 1107 1236 7.
1135 1223 1174 1227 «-
1209 1206 1296 1236 nihil
1325 1209 1397 1245 etc.,
1431 1205 1536 1236 nach-

862 1248 1081 1291 driicklicher,
1105 1250 1154 1282 als
1180 1260 1275 1282 wenu
1305 1250 1377 1282 eine
1402 1249 1534 1282 Adver-

861 1294 1096 1336 sativpartikel
1120 1294 1334 1337 hinzugeffigt
1364 1296 1466 1328 ware.
1491 1314 1536 1319 —-

861 1343 1019 1379 redempta
1041 1340 1234 1373 bezeichnet
1254 1343 1432 1381 entweder,
1459 1342 1534 1373 dass

862 1385 913 1416 die
942 1385 1091 1417 Freunde
1115 1386 1168 1417 bei
1193 1387 1264 1418 dem
1290 1384 1540 1419 Giiterverkauf

862 1428 882 1471 ξ
909 1433 927 1462 7
954 1430 1006 1461 (116
1031 1431 1284 1473 nothwendigen
1302 1431 1535 1474 Gegenstiinde

861 1475 986 1507 wieder
1019 1474 1072 1507 fiir
1096 1475 1145 1508 Sc.
1173 1477 1348 1509 erstanden
1382 1479 1431 1509 od.
1460 1478 1535 1509 dass

861 1520 908 1553 sie
934 1521 999 1552 ihm
1024 1521 1137 1553 immer
1170 1523 1226 1554 das
1252 1522 1405 1564 ‚Niithige
1430 1533 1534 1565 ange-

860 1567 980 1597 schafl't
1020 1567 1136 1607 haben,
1178 1569 1245 1609 vgl.
1288 1570 1341 1609 24,
1388 1570 1438 1611 18,
1482 1571 1532 1602 14.

860 1611 1040 1652 Uebrigens
1066 1612 1155 1653 giebt
1174 1613 1282 1655 Scipio
1312 1616 1364 1654 39,
1391 1616 1444 1656 22,
1464 1614 1533 1655 vgl.

861 1656 944 1689 Plin.
971 1658 1024 1697 33,
1057 1659 1108 1699 11,
1139 1660 1212 1699 138,
1239 1660 1323 1690 noch
1351 1659 1532 1700 gliinzende

861 1702 970 1744 Spiele
996 1703 1061 1734 und
1092 1703 1206 1735 beh‘alt
1238 1705 1295 1736 das
1328 1704 1534 1748 Ritterpferd

861 1748 910 1780 bis
936 1750 989 1788 39,
1014 1751 1068 1782 44.
1094 1767 1137 1771 -—
1160 1756 1304 1789 verterat,
1332 1761 1357 1784 S.
1390 1752 1443 1792 24,
1478 1753 1532 1790 32,

863 1795 900 1833 93
938 1796 968 1832 2,
1013 1795 1063 1835 18,
1100 1796 1129 1828 9.
1153 1814 1199 1818 -
1223 1799 1340 1835 consil„
1375 1797 1428 1828 die
1458 1796 1533 1829 Bei-

862 1838 965 1871 sitzer
989 1839 1044 1871 des
1069 1839 1207 1872 Pr'ators
1232 1841 1274 1872 im
1314 1841 1482 1883 Gerichte,
1507 1853 1533 1874 s.

866 1886 894 1919 1,
921 1886 975 1926 49,
1001 1887 1031 1918 4.
1058 1904 1100 1908 —
1118 1885 1226 1918 Ueber
1250 1886 1301 1918 die
1321 1887 1535 1929 Darstelluug

863 1930 918 1961 des
942 1940 1066 1971 ganzen
1100 1930 1283 1972 Processes,
1317 1933 1462 1965 welcher
1498 1932 1533 1966 L.

863 1974 991 2016 gesolgt
1015 1975 1069 2017 ist,
1099 1977 1248 2009 bemerkt
1274 1977 1399 2010 Gellius
1423 1980 1453 2017 6,
1481 1980 1532 2018 19,

864 2022 901 2054 S:
947 2023 1094 2054 Valerius
1131 2030 1234 2055 autem
1266 2021 1383 2056 Antias
1424 2031 1535 2057 eontra

863 2069 944 2098 Izanc
975 2069 1167 2100 decretorum
1195 2073 1374 2101 memoriam
1406 2077 1533 2102 contra-

862 2123 922 2152 que
961 2116 1145 2146 autoritates
1184 2121 1322 2147 veteram
1367 2118 1535 2148 annalium

857 2164 931 2197 post
955 2159 1115 2199 Africani
1135 2167 1263 2193 mortem
1286 2162 1536 2194 intercessionem

864 2206 956 2235 istam
974 2215 1037 2244 pro
1063 2206 1207 2245 Scipione
1238 2207 1384 2239 Asiatico
1410 2208 1536 2248 factam

863 2260 926 2280 esse
965 2261 985 2281 a
1025 2252 1072 2282 Ti.
1116 2252 1254 2283 Graccho
1299 2254 1397 2293 dixit,
1437 2263 1538 2294 neque

863 2297 994 2326 multam
1043 2298 1215 2338 z'rroqatam
1269 2298 1428 2339 Scipioni,
1483 2299 1538 2330 sed

864 2342 1045 2373 damnatum
1070 2353 1139 2374 eum
1156 2345 1320 2382 peculatus
1345 2345 1380 2375 ob
1412 2344 1535 2376 Antio-

864 2387 988 2418 chinam
1006 2390 1185 2428 pecuniam,
1210 2391 1285 2429 quia
1303 2392 1438 2428 praedes
1469 2400 1533 2420 non

864 2434 969 2473 darec,
1012 2433 1046 2464 in
1085 2445 1239 2466 carcerem
1278 2436 1353 2466 duci
1400 2441 1536 2474 coeptum

864 2483 956 2518 atque
993 2480 1038 2509 ita
1073 2480 1276 2512 intercedente
1309 2481 1448 2513 Graccho
1483 2491 1535 2512 ex·-

865 2529 1008 2561 emptum.
1057 2523 1123 2556 Der
1147 2524 1262 2567 Tadel,
1287 2526 1431 2557 welcher
1463 2524 1536 2557 hier

867 2567 947 2599 iiber
980 2567 1134 2601 Valerius
1164 2571 1240 2602 Ant.
1272 2571 1534 2614 ausgesprochen
