1715 2723
672 80 797 113 LIBER
821 80 1000 113 XXXVII.
1027 80 1119 112 CAP.
1146 82 1177 113 9.
1483 86 1508 104 a.
1527 84 1555 104 u.
1577 77 1639 104 564.

167 192 194 231 9
215 200 362 240 paucos
385 186 466 225 dies
489 190 721 224 averterunt.
753 184 857 222 Inter
880 183 975 221 haec
991 182 1189 221 Phocaeae
1211 181 1345 221 seditio
1368 188 1450 221 orta
1473 181 1639 232 quibus-

174 251 195 283 2
217 245 305 283 dam
338 243 382 282 ad
405 241 644 281 Antiochum
667 239 924 279 multitudinis
944 239 1096 277 animos
1116 239 1376 278 avocantibus.
1430 238 1558 289 gravia
1577 237 1640 276 bi-

216 301 337 339 berna
359 298 517 337 navium
539 303 659 343 erant,
692 308 807 347 grave
829 295 1031 342 tributum,
1052 295 1159 346 quod
1183 300 1290 346 togae
1312 295 1545 346 quingentae
1564 293 1642 332 im·-

178 364 196 395 3
218 362 371 408 peratae
402 361 510 393 erant
538 366 627 393 cum
657 352 877 403 quingentis
905 352 1057 398 tunicis,
1095 351 1219 402 gravis
1251 351 1363 389 etiam
1392 351 1524 401 inopia
1553 351 1643 388 fru-

219 412 361 459 menti,
401 416 562 462 propter
603 422 721 460 quam
749 421 867 447 naves
899 420 1058 459 quoque
1086 413 1122 446 et
1152 407 1390 458 praesidium
1416 408 1644 446 Romanum

219 468 393 508 excessit.
416 474 500 506 tum
524 479 617 505 vero
640 466 797 504 liberata
820 471 927 503 metu
948 465 1060 503 factio
1085 469 1176 511 erat,
1200 476 1298 514 quae
1314 463 1466 514 plebem
1487 463 1528 501 in
1544 474 1642 501 con-

178 529 200 561 4
221 525 391 565 tionibus
414 524 459 562 ad
483 523 720 562 Antiochum
742 521 934 568 trahebat,
961 526 1116 560 senatus
1137 526 1174 559 et
1194 520 1397 571 optimates
1416 520 1458 558 in
1469 519 1646 558 Romana

220 581 400 621 societate
430 579 685 631 perstandum
716 578 944 624 censebant,
976 577 1203 616 defectionis
1230 582 1408 615 auctores
1430 576 1519 627 plus
1539 575 1644 626 apud

182 650 199 681 5
220 637 509 677 multitudinem
530 637 747 675 valuerunt.
786 634 940 680 Rhodii,
963 646 1042 685 quo
1067 634 1186 684 magis
1215 639 1406 672 cessatum
1429 632 1560 682 priore
1579 643 1645 669 ae-

221 702 314 734 state
337 700 436 740 erat,
466 706 511 732 eo
534 693 723 732 maturius
757 691 1004 741 aequinoctio
1027 702 1148 729 verno
1171 690 1340 728 eundem
1362 688 1646 727 Pausistratum

181 764 200 795 6
221 751 352 790 classis
380 752 621 801 praefectum
654 761 743 787 cum
775 760 842 786 sex
872 753 909 785 et
937 747 1092 797 triginta
1121 746 1285 785 navibus
1313 746 1513 784 miserunt.
1568 744 1647 782 iam

220 808 353 846 Livius
384 820 404 845 a
433 806 545 845 Canis
577 818 668 844 cum
697 804 850 855 triginta
882 803 1046 841 navibus
1076 808 1112 842 et
1139 808 1287 853 septem
1318 800 1646 852 quadriremibus,

222 877 318 915 quas
345 875 480 902 secum
502 863 698 901 Eumenes
727 872 794 899 rex
822 859 1054 906 adduxerat,
1084 859 1381 909 Hellespontum
1400 856 1574 908 petebat,
1604 861 1649 894 ut

223 921 269 959 ad
289 920 495 959 transitum
516 918 728 963 exercitus,
761 928 879 967 quem
906 922 1005 954 terra
1024 920 1234 953 venturum
1254 914 1506 965 opinabatur,
1532 924 1648 963 prae-

184 989 202 1019 7
223 982 388 1028 pararet,
407 988 505 1026 quae
528 987 627 1025 opus
651 978 791 1012 essent.
830 973 869 1010 in
890 978 1062 1023 portum,
1084 984 1201 1022 quem
1224 976 1366 1009 vocant
1390 970 1650 1015 Achaeorum,

224 1034 385 1072 classem
408 1032 580 1082 primum
603 1030 786 1075 advertit,
815 1029 904 1067 inde
935 1028 1048 1067 Ilium
1072 1028 1262 1073 escendit,
1290 1026 1557 1076 sacrificioque
1576 1025 1651 1063 Mi-

223 1102 365 1129 nervae
387 1091 485 1127 sacto
499 1088 708 1139 legationes
720 1086 902 1124 finitimas
923 1085 969 1123 ab
993 1085 1177 1123 Elaeunte
1201 1090 1237 1123 et
1257 1083 1435 1123 Dardano
1459 1087 1496 1121 et
1516 1081 1648 1120 Rhoe-

273 1233 310 1271 9.
344 1233 654 1273 Unternehmungen
668 1241 727 1262 zur
737 1230 807 1263 See.
839 1229 904 1261 Po-
975 1227 1146 1260 Aufbruch
1164 1229 1220 1259 des
1238 1227 1352 1259 Livius
1378 1227 1424 1258 ist
1442 1227 1543 1258 durch
1562 1238 1653 1268 quem

226 1281 294 1324 lyb.
318 1282 372 1319 21,
392 1281 431 1319 63
454 1278 593 1321 Appian.
615 1277 690 1319 Syr.
710 1278 752 1309 23
763 1275 784 1309 f.

276 1350 371 1382 1—4.
397 1349 518 1384 seditio,
546 1346 628 1376 nach
647 1344 785 1386 Appian,
813 1355 839 1376 s.
866 1354 907 1375 zu

229 1396 282 1429 36,
303 1395 356 1431 43,
381 1395 432 1431 11,
448 1394 508 1423 hat
526 1391 596 1423 sich
614 1389 765 1421 Phocaea
775 1400 836 1421 nur
847 1398 906 1421 aus

226 1439 353 1471 Fun-ht
388 1436 623 1469 unterworfcn.
662 1453 705 1458 —
751 1442 906 1473 avocant.⁷

229 1488 261 1525 4,
296 1486 350 1523 61,
386 1486 425 1517 3;
466 1485 493 1520 1,
536 1484 586 1523 12,
618 1484 666 1514 10.
698 1499 734 1504 -
763 1483 905 1520 hiberna,

230 1530 300 1562 Pol.
329 1530 350 1561 1.
384 1529 425 1560 l.:
466 1530 502 1562 οἱ
524 1529 704 1565 Φωκαιεῖς
744 1545 787 1549 --
832 1523 906 1559 ὑπὸ

230 1577 303 1608 τῶν
352 1571 660 1618 ἀπολειφθέντων
718 1570 907 1616 Ῥωμαίων

230 1621 268 1654 ἐν
282 1623 360 1658 ταῖς
375 1622 506 1653 ναυσὶν
521 1614 909 1662 ἕπισταθμευόμενοι;

229 1667 287 1698 das
306 1666 413 1706 Lagei·
440 1666 498 1696 der
526 1674 586 1695 vor
604 1663 752 1695 Phocaea
780 1663 907 1703 liegen—

230 1713 290 1744 den
315 1710 519 1751 Abtheilung
545 1711 602 1742 der
628 1708 768 1749 Schiffe,
794 1719 819 1740 s,
856 1709 910 1749 36,

229 1760 292 1799 45,
327 1759 355 1791 S.
389 1774 432 1779 —-
468 1763 555 1797 toque
579 1773 624 1777 —-
648 1757 765 1794 tuma,
799 1765 824 1785 5.
854 1754 910 1793 22,

231 1805 286 1841 54,
314 1805 343 1835 2.
375 1820 415 1824 ——
439 1808 537 1834 senat.
563 1808 591 1833 et
616 1807 690 1840 opt„
717 1800 801 1831 nach
829 1800 908 1830 rom.

230 1848 479 1888 Bezeicbnung,
512 1846 578 1888 vgl.
605 1845 744 1888 Polyb:
772 1846 807 1877 οἱ
837 1845 910 1877 τῶν

232 1895 413 1927 Φωκαίων
439 1888 624 1938 ἄρχοντες,
655 1887 818 1928 δεδιότες
846 1886 912 1927 τάς

230 1951 266 1973 τε
286 1940 359 1973 τῶν
377 1940 524 1972 πολλῶν
550 1935 669 1984 ὁρμὰς
691 1934 752 1970 διὰ
770 1934 836 1978 τὴν
857 1946 912 1968 σι-

232 1985 382 2018 τοδείαν
409 1985 469 2016 καὶ
490 1981 556 2024 τὴν
573 1984 647 2015 τῶν
665 1979 912 2024 ἇντιοχιστῶν

234 2032 463 2075 φιλοτιμίαν,
501 2029 713 2073 ἐξέπεμψαν
733 2031 911 2073 πρεσβευ-

232 2075 300 2114 τάς
315 2075 410 2122 πρὸς
426 2075 628 2111 Σέλευκον;
646 2073 698 2105 die
721 2072 911 2105 Gesandten

233 2122 350 2163 neigen
386 2121 455 2152 sich
487 2130 559 2151 zum
584 2118 682 2150 Theil
711 2129 770 2150 zur
798 2117 912 2149 Partei

235 2168 290 2200 des
308 2165 453 2207 Bonigs3
472 2166 574 2197 daun:
592 2160 811 2209 πυθόμενος
834 2165 911 2203 (Σέ-

234 2212 370 2253 λευκος)
407 2209 473 2252 τὴν
506 2207 624 2256 ὁρμὴν
656 2211 728 2243 τῶν
763 2210 914 2242 πολλῶν

234 2261 294 2292 καὶ
316 2257 382 2299 τὴν
400 2254 538 2290 σπάνιν
559 2257 627 2288 τοῦ
645 2258 747 2288 σίτου
763 2273 805 2277 —
824 2266 913 2299 προ-

235 2305 301 2348 ῆγε
325 2302 418 2348 πρὸς
445 2300 511 2344 τὴν
533 2297 654 2334 πόλιν.
682 2303 813 2340 —plus
838 2303 912 2340 val„

236 2351 294 2381 der
320 2348 433 2380 Abfall
460 2346 581 2388 erfolgt
605 2350 674 2379 erst
701 2356 728 2378 c.
756 2348 806 2386 11,
839 2348 888 2378 15.

283 2419 380 2450 5-7,
407 2423 512 2449 cessat.
537 2426 592 2453 er„
619 2425 644 2446 s.
674 2415 727 2453 36,
749 2415 802 2453 45,
825 2415 854 2445 5.
873 2430 914 2435 —-

237 2465 362 2503 aequm.
389 2473 464 2499 ver„
499 2460 613 2492 sobald
639 2459 690 2491 die
718 2457 913 2490 Schifffahrt

236 2508 361 2539 wieder
387 2507 526 2548 begann.
557 2523 601 2528 —
623 2508 696 2537 iam.
734 2505 792 2536 der
817 2502 912 2534 friihe

975 1293 1019 1297 ——
1042 1275 1165 1314 opinab.
1190 1273 1361 1308 motivirt:
1391 1273 1473 1304 doch
1497 1283 1569 1304 war
1594 1273 1652 1304 das

976 1320 1062 1352 Heer
1100 1319 1205 1351 selbst
1246 1323 1315 1350 erst
1355 1319 1437 1349 kurz
1482 1328 1544 1349 vor
1581 1318 1653 1349 dem

975 1364 1227 1407 Aequinoctium
1250 1375 1313 1395 von
1331 1363 1410 1395 Rom
1427 1364 1654 1405 abgegangen‚

976 1422 1000 1443 s.
1030 1421 1055 1441 c.
1081 1413 1112 1451 4,
1145 1413 1175 1451 4,
1202 1409 1268 1441 und
1293 1409 1366 1441 eine
1391 1409 1520 1441 sichere
1545 1408 1655 1441 Nach-

977 1456 1063 1488 richt
1107 1456 1187 1487 iiber
1224 1455 1276 1486 die
1314 1454 1539 1495 Annalierung
1577 1454 1653 1486 des-

977 1502 1088 1534 selben
1114 1502 1239 1532 komnit
1263 1504 1331 1532 erst
1360 1510 1387 1532 c.
1414 1501 1465 1540 18,
1508 1501 1559 1539 10,
1585 1499 1655 1540 vgl.

980 1558 1006 1579 c.
1036 1549 1095 1581 16,
1126 1549 1165 1588 43
1209 1547 1270 1586 33,
1301 1548 1328 1578 1.
1355 1563 1399 1568 —
1423 1548 1496 1586 ινιτ).
1523 1556 1594 1577 nav.
1622 1555 1653 1576 n.

978 1592 1173 1631 ro'mischen,
1198 1601 1294 1622 wenn
1322 1590 1414 1621 nicht
1441 1590 1547 1622 dieses
1578 1590 1657 1621 oder

979 1638 1051 1670 eine
1070 1638 1191 1669 andere
1210 1636 1436 1677 Bezeicbnung
1455 1636 1513 1667 der
1533 1634 1655 1666 Schiffe

979 1682 1183 1723 ausgefallen
1202 1681 1256 1713 ist.
1271 1700 1311 1704 -—
1321 1687 1409 1721 port.
1423 1683 1517 1721 Aet„
1545 1679 1657 1722 Pomp.

979 1728 1055 1761 Mel.
1093 1730 1128 1769 1,
1172 1729 1231 1768 18,
1272 1729 1309 1761 3:
1347 1734 1413 1760 tum
1444 1729 1534 1758 simas
1566 1729 1656 1765 alter,

975 1772 1128 1816 Ἀχαιῶν
1156 1768 1280 1817 λιμήν,
1320 1784 1384 1804 ozon
1412 1775 1501 1814 Zonqe
1527 1772 1565 1803 ab
1588 1773 1658 1803 Ilio

981 1823 1076 1852 mora
1111 1822 1267 1852 incurvat.
1293 1836 1335 1840 -—
1365 1820 1416 1850 hio
1439 1819 1567 1859 Sz‘qeum
1583 1818 1659 1858 fuit

981 1867 1147 1906 oppidum,
1181 1866 1232 1896 hio
1255 1866 1452 1896 Achivorum
1477 1865 1659 1894 bellantium

980 1914 1080 1944 statio.
1093 1928 1138 1933 —-
1150 1913 1280 1947 advert.,
1295 1909 1346 1941 ein
1361 1908 1658 1948 Schiffsausdruck,

981 1957 1054 1988 hier
1079 1955 1138 1987 mit
1163 1959 1208 1995 in,
1234 1954 1298 1986 wie
1312 1958 1404 1986 sonst
1417 1953 1471 1986 bei
1488 1953 1658 1985 Dichtern.

981 2020 1025 2025 ——
1051 2004 1180 2036 (ἐποποῖ,
1208 2003 1260 2039 35,
1294 2002 1347 2039 43,
1376 2001 1406 2033 3.
1432 2017 1476 2021 —
1500 2001 1658 2039 Elaeam„

981 2058 1022 2079 an
1057 2048 1114 2079 der
1139 2046 1311 2088 Siidspitze
1337 2046 1393 2077 des
1419 2046 1524 2077 thrac.
1552 2043 1659 2076 Cher-

981 2103 1124 2132 soneses,
1151 2092 1217 2133 vgl.
1247 2092 1308 2131 31,
1355 2092 1413 2131 16,
1444 2093 1472 2123 5.
1498 2107 1542 2113 —-
1571 2092 1660 2121 Dar-

982 2141 1067 2179 dan„
1094 2138 1211 2169 Herod.
1239 2139 1270 2177 7,
1294 2139 1356 2170 43:
1383 2131 1576 2182 ἐπορεύετο
1601 2135 1660 2168 ἐν·
1712 2147 1715 2150 ·

982 2185 1113 2217 θεῖτεν
1140 2183 1306 2225 (Ξέρξης),
1332 2181 1372 2215 ἐν
1399 2179 1568 2227 ἀριστερῇ
1590 2179 1660 2226 μὲν

985 2227 1160 2273 ἀπέργων
1190 2225 1364 2261 Ῥοίτειον
1393 2223 1505 2260 πόλιν
1529 2244 1573 2249 —-
1598 2227 1660 2258 καὶ

983 2296 1026 2300 —
1063 2272 1282 2321 Δάρδανον,
1317 2270 1412 2317 ἥπερ
1445 2270 1489 2313 δὴ
1519 2267 1661 2313 Ἀβύδῳ

984 2317 1143 2367 ὅμουρος
1163 2318 1249 2358 ἐστι,
1268 2318 1453 2352 70Stadien
1464 2317 1572 2348 davon
1583 2320 1659 2349 ent-

983 2366 1080 2398 fernt.
1119 2384 1162 2387 —
1197 2366 1323 2404 Rlzoct.,
1364 2363 1418 2394 ein
1444 2362 1571 2394 kleincr
1597 2361 1660 2393 Ort

983 2422 1024 2443 an
1053 2412 1124 2443 dem
1150 2421 1208 2442 aus
1226 2409 1344 2441 Homer
1362 2408 1550 2440 bekannten
1570 2407 1660 2440 Vor-

983 2457 1127 2498 gebirge,
1156 2467 1180 2487 s.
1201 2457 1295 2494 c.37,
1326 2456 1361 2493 13
1389 2455 1441 2493 38,
1469 2455 1523 2494 39,
1546 2454 1596 2486 10.
1615 2471 1659 2475 —

982 2505 1075 2542 trad„
1100 2501 1181 2544 App.
1208 2511 1234 2532 c.
1260 2502 1314 2533 23.
