1715 2723
134 444 173 476 10

133 555 168 588 11

132 668 172 701 12

131 784 170 816 13

130 896 169 928 14

130 1066 167 1097 15

658 111 781 143 LIBER
798 110 954 144 XXXIII.
980 111 1073 143 CAP.
1094 110 1145 142 13.
1454 127 1481 145 a.
1497 127 1524 145 u.
1538 120 1601 147 557.

202 114 283 153 202

201 215 278 261 bat,
301 214 406 265 quod
426 213 586 264 integris
606 213 738 259 rebus,
768 213 938 253 exercitu
957 213 1004 252 ab
1021 226 1061 252 se
1078 212 1255 260 admoto,
1284 215 1409 254 vocati
1439 215 1478 254 in
1503 215 1600 254 ami-

203 271 343 316 citiam,
367 283 456 309 cum
476 274 647 321 potestas
667 270 785 309 libera
805 270 1042 310 desciscendi
1062 269 1108 308 ab
1128 281 1217 320 rege
1238 276 1352 317 esset,
1374 271 1518 322 regiam
1534 285 1601 311 so—

202 327 379 366 cietatem
416 326 612 365 Romanae
645 327 979 378 praeposuissent,
1013 326 1208 365 Phaeneas
1243 330 1280 364 et
1312 339 1382 378 pro
1419 329 1601 367 societate

201 382 302 429 belli,
325 395 422 434 quae
442 388 531 421 ante
551 383 694 422 bellum
714 383 953 429 habuissent,
974 382 1125 421 restitui
1146 382 1288 421 Aetolis
1309 396 1443 422 aecum
1465 396 1602 423 cense—

201 439 277 485 bat,
301 444 338 478 et
358 439 410 478 ita
430 438 470 477 in
489 439 642 478 foedere
664 440 790 491 primo
813 444 969 479 cautum
991 451 1087 483 esse,
1107 443 1151 477 ut
1172 438 1261 477 belli
1287 440 1427 490 praeda
1454 452 1599 486 rerum,

202 508 298 547 quae
318 495 410 534 ferri
429 495 563 547 agique
583 501 753 547 possent,
777 496 985 540 Romanos,
1009 507 1097 546 ager
1115 495 1308 546 urbesque
1330 501 1461 547 captae
1482 498 1600 535 Aeto-

200 552 257 591 los
278 558 547 603 sequerentur.
585 557 714 598 ,‚vos“
731 552 857 603 inquit
878 550 1003 603 „ipsi“
1026 551 1226 598 Quinctius
1249 552 1469 599 „societatis
1490 552 1601 592 istius

200 609 300 660 leges
321 609 495 660 rupistis,
529 621 606 659 quo
632 613 806 660 tempore
834 609 974 648 relictis
1000 608 1112 646 nobis
1140 621 1229 647 cum
1257 609 1433 660 Philippo
1467 621 1601 660 pacem

198 665 352 704 fecistis.
394 678 490 716 quae
511 665 544 703 si
564 670 749 710 maneret,
772 670 971 716 captarum
991 669 1122 703 tamen
1142 665 1299 703 urbium
1318 665 1380 704 illa
1400 665 1460 704 lex
1480 666 1600 711 foret3

198 721 414 760 Thessaliae
436 722 606 760 civitates
623 734 692 760 sua
707 722 903 760 voluntate
920 722 959 759 in
975 721 1164 760 dicionem
1181 727 1354 760 nostram
1370 725 1600 761 venerunt.“

198 778 291 817 haec
312 790 400 816 cum
423 777 599 816 omnium
620 778 815 816 sociorum
836 778 1003 816 adsensu
1023 777 1122 816 dicta
1144 777 1287 816 Aetolis
1309 790 1389 817 non
1417 780 1457 816 in
1487 790 1599 828 prae-

197 834 321 873 sentia
341 833 458 872 modo
479 833 604 884 gravia
625 834 770 879 auditu,
792 834 858 872 sed
880 846 971 872 mox
987 834 1099 872 etiam
1117 833 1207 872 belli
1222 846 1336 873 causa
1352 846 1602 885 magnarum·

200 903 274 941 que
303 903 348 928 ex
374 902 418 927 eo
446 889 610 928 cladium
638 889 681 928 iis
715 890 885 928 fuerunt.
927 901 1016 928 cum
1044 889 1219 940 Philippo
1246 891 1298 928 ita
1324 890 1522 936 convenit,
1556 895 1602 929 ut

198 946 437 985 Demetrium
459 945 580 983 filium
602 949 640 984 et
660 946 849 996 quosdam
871 958 916 983 ex
947 945 1161 983 amicorum
1190 957 1354 984 numero
1384 946 1536 985 obsides
1564 952 1602 985 et

198 1015 241 1041 cc
263 1002 405 1040 talenta
425 1002 542 1047 daret,
565 1001 610 1040 de
629 1002 764 1041 ceteris
786 1002 950 1041 Romam
971 1001 1141 1040 mitteret
1161 1001 1323 1052 legatos,
1344 1003 1390 1041 ad
1411 1015 1496 1041 eam
1516 1015 1599 1041 rem

197 1063 381 1110 quattuor
401 1070 582 1097 mensum
604 1058 773 1097 indutiae
795 1063 938 1097 essent.
979 1057 1011 1096 si
1032 1070 1105 1109 pax
1125 1069 1205 1096 non
1225 1058 1428 1110 impetrata
1459 1059 1505 1098 ab
1536 1072 1600 1098 se-

196 1120 289 1154 natu
314 1115 431 1159 foret,
472 1115 624 1153 obsides
646 1115 926 1166 pecuniamque
953 1114 1061 1153 reddi
1091 1114 1269 1165 Philippo
1296 1120 1495 1166 receptum
1527 1121 1597 1154 est.

932 1227 950 1257 ἵ)
970 1236 999 1256 u.
1020 1235 1068 1263 a.;
1094 1225 1212 1268 Polyb.
1236 1224 1386 1258 ἔπιπλα.
1409 1244 1452 1249 -
1481 1237 1597 1268 seque-

932 1273 1029 1309 rent„
1048 1281 1073 1301 s.
1094 1270 1146 1309 28,
1163 1271 1216 1310 21,
1234 1271 1264 1302 5.

196 1226 279 1258 wird
306 1230 574 1267 vorausgesetzt,
603 1226 678 1258 dass
703 1226 750 1257 sie
771 1225 859 1266 jetzt

195 1273 255 1303 den
273 1270 413 1302 Ro'mern
432 1271 462 1301 in
482 1270 583 1312 Folge
601 1272 658 1303 des
672 1271 785 1312 Sieges
802 1281 858 1312 ge-

196 1317 287 1348 hore.

240 1362 343 1392 9-10.
368 1371 431 1403 pro
446 1371 510 1392 soe.
537 1361 583 1397 b.,
613 1361 761 1401 gema'ss,
786 1365 859 1392 ent-

196 1407 374 1449 sprecheud
392 1406 480 1437 ihrer
497 1405 709 1437 Theilnahme
730 1416 769 1437 an
787 1406 859 1437 dem

190 1451 340 1493 jetzigen
357 1450 490 1491 Hriege.
509 1470 553 1474 -—
571 1462 653 1492 qnae
671 1462 701 1482 ιι.
722 1452 751 1483 b.
771 1452 858 1492 hab„

195 1497 245 1528 als
264 1497 304 1528 ob
318 1496 458 1538 Philipp.
476 1497 527 1527 die
545 1496 662 1527 Stiidte
681 1501 751 1528 crst
768 1497 858 1527 wl‘ih—

197 1542 276 1573 rend
305 1542 360 1572 des
381 1539 522 1581 Hrieges
551 1551 742 1582 genommen
764 1541 858 1578 habe,

196 1586 352 1618 wiihrend
389 1586 409 1627 ξ
434 1587 469 1617 6:
506 1586 661 1618 reddisne
694 1586 858 1617 tandem

197 1632 289 1663 einen
329 1632 487 1672 liingeren
527 1631 636 1662 Besitz
685 1631 859 1662 derselben

197 1677 299 1708 durch
315 1677 375 1707 den
394 1675 501 1717 Honig
521 1681 742 1717 voraussetzt,
761 1687 786 1708 s.
806 1676 858 1714 32,

198 1722 249 1761 10,
275 1722 310 1761 73
340 1722 486 1753 deutlich
514 1721 629 1764 P013b
660 1732 688 1752 c.
716 1722 772 1752 21:
804 1718 860 1752 ὅτι.

198 1765 283 1798 δέω
297 1764 506 1805 αὑτοὺςεῖη,
522 1778 672 1810 npwrm
684 1766 753 1808 μὲν
767 1769 858 1797 καθ-

197 1809 253 1842 ότι
301 1812 605 1854 συιεπολέιιησαν
651 1822 672 1843 ι
680 1813 745 1850 ῦι,
795 1823 859 1842 κο-

195 1856 313 1900 ,algeo
306 1860 371 1888 ‘hu
399 1856 464 1892 τὰς
492 1854 618 1892 πόλεις
646 1867 710 1892 τας
728 1853 859 1899 πρότε-

198 1911 262 1943 ρον
284 1898 374 1944 μεθ
400 1899 518 1933 αὐτῶν
542 1902 858 1945 συμπολιτευομέ-

196 1955 270 1980 vag.
288 1964 332 1968 —
355 1946 494 1988 foedffle
508 1957 575 1989 pru,
593 1947 644 1977 ein
662 1957 710 1977 zu
715 1946 796 1977 eites
815 1946 859 1977 ist

197 1990 287 2022 nicht
310 1992 521 2031 geschlossen
539 1992 692 2029 worden,
722 1991 857 2034 Ρο131).;

196 2034 286 2067 κατὰ
319 2035 384 2076 τὴν
417 2036 453 2073 ἐξ
485 2034 598 2078 ἀρχῆς
631 2039 858 2079 συμλιιαχίαν,

193 2082 305 2123 primo
333 2081 420 2112 also:
451 2081 556 2121 gleich
581 2080 729 2121 anfangs.
750 2099 793 2104 —
822 2083 859 2111 nt

198 2125 275 2157 belli
296 2131 375 2167 etc.,
405 2136 430 2157 s.
449 2126 502 2165 245,
522 2126 573 2167 24,
596 2127 644 2167 11,
673 2136 724 2156 wo
751 2135 785 2157 es
804 2126 857 2166 je-

197 2171 279 2201 doch
302 2182 364 2202 nur
385 2171 506 2202 heisst:
535 2172 670 2202 urbium
692 2170 857 2212 Corcyrae

197 2218 295 2247 tenus
311 2217 352 2246 ab
369 2216 504 2247 Aetolia
520 2217 695 2258 incipienti
713 2217 818 2246 solum
836 2234 858 2238 —

198 2261 398 2293 Aetolorum
416 2261 546 2300 (esset).
567 2279 611 2283 —
628 2261 705 2292 belli
718 2260 856 2303 praeda,

198 2316 224 2337 s.
249 2308 279 2345 2,
303 2306 356 2344 39,
383 2307 438 2347 11,
466 2306 570 2338 bildet
587 2306 703 2337 einen
722 2305 859 2346 Regi-in}

198 2352 265 2391 vgl.
285 2351 338 2390 23,
357 2351 408 2386 20,
427 2352 463 2390 2,
487 2362 551 2382 von
574 2352 645 2382 dem
668 2361 783 2383 rernm
801 2351 859 2381 ab—

197 2396 313 2436 h'zingt:
331 2396 383 2427 die
401 2396 538 2428 bestand
555 2407 614 2427 aus
632 2407 662 2427 u.
680 2406 706 2427 s.
721 2406 776 2435 w„
793 2395 860 2435 vgl.

199 2440 251 2479 21,
271 2442 324 2480 60,
342 2442 377 2473 S:
398 2441 550 2484 supellec(²
565 2442 741 2473 barbarica
758 2451 796 2471 (ιο
814 2442 860 2471 ω’-

198 2485 279 2516 lium.
295 2488 558 2528 mancipiorn7n3
577 2487 606 2524 2,
626 2487 678 2522 64,
698 2487 734 2516 3.-
758 2496 858 2527 prae-

199 2529 259 2560 das
280 2531 452 2563 hominum
466 2541 706 2574 pe007·u711que;
731 2530 783 2570 31,
807 2530 857 2566 18,

980 1316 1098 1346 11-12.
1124 1315 1262 1352 relictis,
1285 1315 1337 1355 31,
1358 1315 1409 1351 31,
1431 1313 1522 1354 18f.,
1546 1315 1597 1347 die

930 1360 1069 1392 Aetoler
1101 1361 1233 1391 werden
1266 1365 1338 1392 erst
1365 1359 1453 1400 jetzt
1481 1359 1601 1392 darauf

930 1405 1166 1445 hingewiesen,
1184 1406 1260 1437 dass
1278 1406 1379 1436 durch
1396 1406 1468 1438 ihre
1484 1405 1597 1437 Theil-

933 1451 1045 1482 nahme
1064 1461 1112 1481 am
1127 1448 1249 1491 Hriege
1267 1451 1324 1482 das
1343 1450 1475 1483 friihere
1492 1451 1598 1482 Biind-

932 1496 1002 1527 niss
1033 1496 1146 1527 nieht
1158 1496 1369 1571 3hergestellt
1392 1496 1452 1536 ist,
1482 1496 1548 1537 vgl.
1569 1506 1595 1527 c.

933 1541 986 1580 35,
1011 1541 1050 1578 9,
1082 1541 1133 1581 36,
1179 1541 1240 1582 ,8.
1265 1559 1308 1564 -
1336 1544 1465 1583 captor.
1495 1544 1519 1572 t.
1550 1552 1597 1578 u„

932 1586 1004 1616 eine
1017 1543 1239 1627 Bestin'unung
1256 1586 1401 1626 (Artikel
1419 1587 1476 1618 des
1490 1586 1597 1617 Biind-

933 1631 1052 1670 nisses)
1081 1630 1163 1662 iiber
1186 1642 1216 1662 u.
1240 1641 1267 1661 S.
1293 1641 1350 1670 w.‚
1380 1631 1432 1662 die
1458 1642 1519 1663 nur
1541 1631 1598 1662 be-

931 1676 1038 1707 treffe.
1052 1694 1096 1698 —
1119 1675 1267 1707 Thessal.
1285 1678 1357 1718 civ„
1374 1675 1461 1707 Pol.:
1480 1677 1520 1707 αἱ
1534 1686 1597 1707 κα-

931 1718 975 1752 τὰ
1004 1722 1212 1753 Θεσσαλίαν
1229 1718 1355 1756 πόλεις
1374 1718 1536 1759 (Quaem,
1561 1730 1597 1752 es

931 1766 1045 1797 wiirde
1075 1766 1132 1797 (las
1158 1766 1228 1797 also
1258 1767 1340 1797 auch
1369 1777 1434 1798 von
1463 1766 1596 1798 Theben

931 1811 1059 1851 gestem
1089 1810 1146 1842 auf
1171 1811 1222 1842 die
1250 1811 1302 1848 32,
1337 1811 1374 1841 15
1404 1812 1596 1843 erwiihnten

932 1856 1047 1887 stante
1078 1856 1122 1887 ist
1144 1856 1237 1886 keine
1261 1855 1440 1887 Riicksicht
1462 1867 1596 1896 genom—

932 1911 1019 1941 men,
1050 1901 1126 1931 weil
1152 1901 1198 1931 sie
1221 1901 1293 1931 dem
1312 1900 1435 1932 Streitc
1459 1902 1517 1932 mit
1534 1902 1595 1932 den

931 1945 1093 1976 Aetolern
1133 1944 1204 1976 sern
1243 1945 1358 1986 lagen,
1398 1947 1458 1977 der
1505 1950 1595 1977 erste

933 1990 1047 2022 Grund
1069 1990 1127 2020 der
1152 1985 1305 2022 Aetoier
1331 2001 1395 2033 pro
1419 2001 1484 2023 soc.
1510 1991 1595 2028 belli.

931 2036 1014 2066 winl
1033 2035 1121 2066 nicht
1138 2036 1299 2074 beachtet,
1318 2036 1383 2075 vgl.
1403 2036 1456 2074 32,
1472 2036 1526 2074 39,
1544 2037 1593 2068 10.

980 2080 1108 2111 13-15.
1135 2082 1259 2122 gravia
1281 2080 1377 2119 aad„
1408 2081 1476 2113 Cic.
1495 2080 1592 2113 Tusc.

932 2125 961 2161 2,
987 2125 1015 2163 8,
1042 2125 1099 2156 20:
1130 2127 1220 2157 clieta
1244 2127 1383 2167 gravia3
1413 2126 1525 2157 Senec.
1555 2126 1594 2157 de

931 2175 1034 2201 const.
1059 2180 1125 2212 sap.
1155 2172 1204 2209 15,
1231 2172 1265 2201 3:
1295 2170 1439 2203 toleratu
1459 2172 1592 2213 gravia.

930 2233 973 2238 —
991 2226 1035 2246 eat·
1051 2226 1098 2255 (³0,
1118 2216 1149 2246 in
1164 2215 1266 2257 Folge
1280 2216 1385 2247 davon
1400 2217 1594 2258 uberhaupt.

931 2261 1009 2291 oder
1042 2271 1106 2291 von
1139 2261 1259 2292 diesem
1293 2259 1426 2301 Krit‘ge
1455 2280 1498 2284 -—
1528 2261 1594 2292 De-

930 2308 1040 2346 metr„
1059 2316 1084 2336 s.
1105 2305 1157 2344 34,
1176 2307 1229 2345 52,
1247 2306 1277 2337 (l.
1295 2306 1393 2337 —de
1410 2309 1511 2338 ceter.
1530 2307 1592 2337 wie

933 2350 1006 2391 ξ-1·
1032 2330 1150 2392 '1²013h.
1166 2362 1172 2381 :
1207 2350 1292 2401 περὶ
1325 2349 1363 2382 δὲ
1396 2351 1468 2382 τῶν
1499 2348 1593 2382 ὅλων

932 2397 1096 2439 πέαπειν
1113 2396 1164 2430 εἰς
1181 2391 1243 2435 τὴν
1255 2392 1395 2437 Ρώμην
1411 2396 1470 2427 καὶ
1488 2393 1592 2427 διδό-

931 2451 991 2473 uu
1015 2441 1055 2485 τῇ
1081 2450 1149 2482 συ)
1152 2439 1265 2481 κλήῑῳ
1292 2440 1356 2480 τὴν
1373 2437 1591 2482 ἐπιτροπήν.

930 2486 1026 2516 —ab
1044 2496 1126 2523 sen„
1139 2495 1165 2517 s.
1182 2485 1235 2523 34,
1249 2485 1301 2525 35,
1316 2485 1345 2515 2.
1360 2488 1590 2528 —receptum

930 2542 974 2568 e.,
1003 2540 1076 2561 man
1098 2530 1211 2561 nehme
1234 2530 1285 2561 die
1308 2529 1592 2562 Verbindlichkeit
