1715 2723
113 1068 153 1100 10

112 1180 148 1212 11

112 1292 152 1323 12

638 115 761 148 LIBER
777 115 934 149 XXXIII.
961 115 1054 147 CAP.
1072 114 1125 146 29.
1436 129 1462 146 a.
1477 129 1505 147 u.
1520 121 1582 148 558.

181 120 264 160 230

183 220 373 260 meatibus
394 222 517 257 erant.
557 230 647 257 cum
667 218 794 270 primo
814 218 943 269 pauci,
965 216 1101 255 deinde
1120 216 1161 255 in
1182 216 1262 255 dies
1283 217 1412 267 plures
1434 217 1583 256 deside-

180 281 378 322 rarentur,
406 274 561 313 infamis
586 287 672 313 esse
700 274 858 313 Boeotia
879 273 1005 312 omnis
1034 273 1177 324 coepit,
1207 277 1246 311 et
1272 273 1445 312 timidius
1467 286 1585 325 quam

180 333 221 371 in
247 331 397 371 hostico
420 331 550 382 egredi
580 331 714 370 castris
743 330 866 369 miles.
901 335 985 368 tum
1008 328 1212 375 Quinctius
1233 329 1377 379 legatos
1399 329 1445 367 ad
1466 341 1585 380 quae-

181 389 348 428 rendum
370 387 416 426 de
437 387 646 426 latrociniis
667 399 735 438 per
756 386 924 425 civitates
945 385 1074 423 mittit.
1114 385 1303 436 plurimae
1331 385 1465 424 caedes
1487 385 1587 424 circa

181 444 388 496 Copaidem
416 443 595 495 paludem
621 444 818 490 inventae;
846 442 897 480 ibi
939 455 986 480 ex
1012 441 1104 480 limo
1131 446 1240 480 eruta
1267 446 1513 492 extractaque
1540 454 1587 480 ex

181 506 317 552 stagno
340 500 519 539 cadavera
541 499 642 537 saxis
663 503 729 537 aut
754 498 974 549 amphoris,
1003 503 1047 536 ut
1074 498 1244 549 pondere
1273 497 1519 536 traherentur
1546 497 1586 536 in

179 557 432 608 profundum,
454 556 618 602 adnexa,
641 555 762 594 multa
781 554 950 594 facinora
971 553 1203 605 Acraephiae
1225 558 1262 591 et
1278 553 1472 592 Coroneae
1488 554 1588 592 facta

181 612 486 652 inveniebantur.
529 611 732 658 Quinctius
762 610 888 662 primo
917 610 1053 649 noxios
1081 610 1182 648 tradi
1207 609 1278 648 sibi
1308 610 1419 648 iussit
1448 614 1488 648 et
1514 622 1586 660 pro

181 668 399 721 quingentis
422 668 606 706 militibus
630 691 682 695 —
703 672 762 705 tot
782 667 887 706 enim
907 667 1130 718 interempti
1158 671 1268 705 erant
1295 689 1352 693 ——
1379 666 1588 717 quingenta

179 725 320 764 talenta
346 725 514 763 Boeotos
543 724 731 762 conferre.
779 735 948 774 quorum
976 736 1064 761 cum
1096 723 1203 761 fieret
1230 728 1435 769 neutrum,
1462 722 1588 761 verbis

181 786 334 820 tantum
364 780 533 819 civitates
561 784 789 818 excusarent
816 780 911 817 nihil
939 779 1092 830 publico
1121 778 1280 818 consilio
1314 778 1460 817 factum
1489 790 1586 825 esse,

181 837 311 876 missis
332 836 501 874 Athenas
523 840 561 873 et
580 835 620 872 in
640 835 823 874 Achaiam
843 835 989 885 legatis,
1012 836 1078 886 qui
1093 838 1327 873 testarentur
1343 835 1469 873 socios
1486 834 1588 873 iusto

180 894 322 945 pioque
344 905 384 930 se
405 892 504 930 bello
525 896 823 942 persecuturum
852 891 1038 933 Boeotos,
1070 895 1107 928 et
1133 903 1219 929 cum
1251 894 1359 941 parte
1387 890 1587 941 copiarum

181 953 251 1000 Ap.
274 948 430 987 Claudio
452 947 704 998 Acraephiam
726 947 781 985 ire
802 947 922 993 iusso,
945 947 1026 998 ipse
1047 959 1136 985 cum
1152 951 1259 998 parte
1282 946 1495 985 Coroneam
1512 946 1588 985 cir-

182 1004 364 1044 cumsidit
385 1004 540 1043 vastatis
562 1004 668 1054 prius
690 1003 809 1054 agris,
840 1016 913 1054 qua
935 1003 980 1042 ab
1008 1002 1128 1042 Elatia
1158 1003 1234 1042 duo
1263 1002 1409 1042 diversa
1437 1002 1590 1054 agmina

182 1061 272 1100 iere.
313 1061 384 1099 hac
404 1060 571 1112 perculsi
593 1060 698 1099 clade
720 1060 867 1106 Boeoti,
891 1072 980 1098 cum
1002 1059 1132 1098 omnia
1152 1064 1299 1098 terrore
1316 1072 1358 1098 ac
1373 1059 1462 1110 fuga
1478 1072 1589 1098 com-

180 1118 282 1169 pleta
304 1122 445 1163 essent,
464 1117 609 1167 legatos
631 1117 805 1155 mittunt.
838 1116 1009 1168 quicum
1032 1116 1070 1154 in
1092 1121 1213 1154 castra
1233 1127 1315 1154 non
1335 1116 1589 1154 admitteren-

181 1179 265 1220 tur,
306 1173 446 1211 Achaei
485 1173 818 1224 Atheniensesque
856 1177 1177 1223 supervenerunt.
1227 1172 1313 1222 plus
1348 1171 1588 1210 auctoritatis

181 1229 322 1268 Achaei
339 1229 558 1267 hahuerunt
571 1229 834 1280 deprecantes,
853 1229 953 1280 quia,
970 1229 1009 1267 ni
1021 1228 1295 1279 impetrassent
1309 1240 1445 1278 pacem
1461 1228 1588 1266 Boeo-

181 1286 243 1333 tis,
265 1285 410 1324 bellum
432 1285 549 1323 simul
568 1297 701 1336 gerere
724 1285 982 1324 decreverant.
1014 1297 1083 1335 per
1101 1284 1274 1323 Achaeos
1291 1289 1328 1322 et
1348 1283 1504 1322 Boeotis
1521 1297 1589 1323 co-

181 1412 307 1444 Handel
325 1412 385 1442 der
404 1411 560 1442 Soldaten
580 1411 672 1449 (dass
695 1412 742 1442 sie
762 1416 850 1442 etwa

182 1456 236 1488 fiir
253 1457 311 1488 das
330 1456 416 1487 Heer
429 1455 593 1487 Einkiiufe
610 1457 760 1496 gemacht
777 1457 849 1487 hiit-

180 1507 248 1541 ten,
266 1502 311 1533 ist
329 1502 418 1532 nicht
436 1501 646 1541 ang-edentem
665 1502 749 1531 wird
767 1503 797 1539 5,
817 1501 848 1539 S,

182 1547 218 1579 3:
236 1547 387 1578 limarum
407 1548 438 1577 ιή
456 1546 594 1577 modum
611 1556 725 1577 omnes
744 1545 850 1585 (mill-

182 1595 245 1629 tes)
263 1601 327 1634 per
343 1601 448 1632 agros
467 1593 655 1632 vicinasque
674 1592 774 1622 urbes
790 1602 849 1622 ne-

177 1637 413 1679 gotiabantur,
432 1636 481 1667 als
500 1636 684 1677 unpassend
698 1636 849 1667 bezeich-

182 1686 237 1713 net
268 1682 333 1712 und
366 1691 437 1712 war
469 1685 567 1712 unter
600 1681 661 1712 den
693 1681 849 1723 sp'a'tereu

181 1725 326 1758 Haisern
356 1726 533 1765 verboten,
563 1726 629 1767 vgl.
658 1726 780 1757 Paulus
809 1726 848 1756 ad

182 1771 326 1803 Timoth.
344 1770 388 1809 II,
408 1772 438 1810 2,
455 1772 492 1802 4:
512 1768 633 1807 οὐδξὶς
652 1769 850 1816 στρατευό-

181 1827 294 1860 μενος
318 1815 537 1858 ἐμπλέκεται
568 1819 647 1852 ταῖς
676 1816 739 1848 τοῦ
766 1818 849 1856 βίου

183 1873 210 1893 π
216 1873 234 1903 ρ
240 1873 312 1903 αγμ
319 1872 339 1891 α
346 1863 421 1892 vela
427 1873 435 1890 1
442 1872 467 1896 ς.

230 1906 317 1937 5-9.
344 1906 375 1936 [n
395 1906 537 1947 hostico,
557 1906 586 1945 6,
606 1904 664 1943 31,
685 1905 714 1936 7.
734 1923 776 1927 —
795 1915 849 1935 ca-

183 1951 267 1982 stris
284 1950 327 1980 ist
345 1960 381 1980 so
400 1954 526 1989 gesag't,
546 1950 596 1980 als
611 1950 651 1980 ob
669 1951 726 1981 das
740 1949 849 1990 Lager

183 1995 217 2027 in
234 1995 373 2026 Bootien
391 2004 543 2034 gewesen
563 1995 670 2034 w‘a‘re,
695 1996 734 2025 da
755 1999 848 2025 sonst

183 2040 236 2071 die
252 2040 404 2071 dasselbe
418 2040 661 2071 Verlassenden
677 2039 779 2071 leicht
793 2050 851 2070 an—

184 2086 262 2116 dere
301 2083 476 2124 Gegendcn
511 2085 625 2115 hatten
671 2083 850 2115 aufsuchen

185 2130 331 2169 konnen,
356 2129 421 2169 vgl.
447 2128 522 2170 §th
548 2139 574 2160 c.
603 2129 661 2168 27,
687 2131 716 2160 5.
743 2148 785 2151 —
808 2128 853 2160 ad

185 2185 311 2216 quaer„
336 2185 389 2205 um
405 2173 720 2214 Nmfflforschungen
745 2174 852 2213 (nicht

185 2220 306 2261 gerade
320 2219 851 2260 gerichtIIcheUntersuchungen)

186 2264 515 2300 anzustellen,deren
525 2263 851 2303 ResultateimFolg.

186 2311 350 2341 berIchtet
366 2310 511 2340 werden.
528 2327 571 2331 —
583 2309 702 2340 caedes
719 2310 760 2340 im
775 2308 853 2340 Plu-

187 2355 255 2394 ral,
274 2366 299 2386 s.
320 2355 355 2393 2,
373 2354 432 2393 64,
451 2354 486 2393 33
505 2354 564 2394 21,
588 2354 642 2393 15,
663 2354 695 2393 l,
721 2354 779 2393 24,
800 2354 852 2393 25,

188 2400 207 2432 9
225 2411 255 2431 u.
276 2410 317 2440 a.,
343 2410 377 2431 es
402 2399 446 2431 ist
470 2399 558 2430 nicht
575 2399 679 2430 abstr.
698 2409 756 2441 pro
775 2410 853 2430 con-

188 2450 298 2487 creto,
332 2445 475 2476 sondern
504 2445 586 2475 kurz
614 2448 745 2485 gesagt:
779 2454 852 2475 man

189 2488 263 2520 faud
281 2490 314 2520 in
327 2489 428 2530 Folge
446 2490 504 2521 der
518 2489 662 2530 sogleich
677 2487 854 2529 angefiihr—

187 2538 242 2565 ten
263 2534 452 2575 Umffliude,
470 2536 546 2567 dass
564 2554 584 2557 —
600 2535 766 2576 begangen
784 2544 854 2565 wa-

923 1420 994 1441 ren.
1013 1428 1055 1431 ——
1074 1420 1118 1440 ezr
1135 1409 1212 1440 limo
1229 1428 1252 1431 —
1267 1412 1390 1451 stagno
1415 1414 1503 1441 setzt
1525 1410 1586 1441 den

922 1455 1043 1487 Herbst
1066 1465 1205 1494 vorans,
1234 1455 1274 1485 da
1303 1455 1344 1485 im
1368 1454 1506 1486 VVinter
1530 1455 1588 1486 der

922 1500 983 1531 See
998 1500 1221 1531 wasserreich
1238 1499 1293 1538 ist,
1313 1499 1450 1530 Bursian
1469 1500 1495 1539 l,
1515 1500 1588 1531 195.

921 1563 964 1567 —
977 1545 1097 1584 multa,
1119 1546 1199 1576 auch
1214 1545 1312 1584 vicle,
1328 1544 1496 1586 plurimae
1516 1549 1590 1576 ent-

922 1591 1114 1631 sprechend.
1146 1608 1190 1612 --
1221 1590 1429 1632 Acraephia,
1463 1589 1496 1620 in
1527 1590 1588 1620 der

921 1634 1013 1667 N'ahe
1046 1635 1102 1666 des
1137 1634 1266 1676 Copais.
1298 1653 1343 1657 —
1378 1634 1505 1675 Cor-on„
1535 1634 1590 1675 36,

923 1680 964 1711 20
994 1678 1045 1711 2f.

966 1706 1076 1756 '7-12.
1104 1726 1302 1766 interempti
1317 1735 1377 1764 e7·.,
1402 1724 1450 1755 sie
1474 1733 1589 1755 waren

921 1771 993 1802 todt
1011 1768 1173 1810 gefunden
1190 1769 1341 1807 worden,
1360 1779 1428 1800 was
1445 1769 1519 1800 hier
1536 1768 1589 1800 die

921 1815 1129 1856 Hauptsache
1146 1814 1205 1853 ist,
1225 1825 1251 1845 s.
1274 1815 1306 1854 1,
1325 1815 1383 1853 54,
1403 1814 1438 1853 83
1456 1814 1588 1844 Andere

920 1861 1013 1891 lesen
1030 1861 1224 1902 intercepti,
1242 1869 1311 1890 was
1329 1859 1380 1889 hei
1396 1858 1417 1900 ξ
1435 1859 1454 1889 2
1472 1859 1588 1889 besser

922 1909 1022 1946 passt.
1042 1922 1084 1926 ——
1104 1903 1247 1943 talenta,
1267 1904 1325 1941 32,
1344 1904 1397 1939 40,
1416 1902 1447 1933 9.
1466 1921 1509 1925 —
1525 1914 1589 1934 ea·-

922 1959 1032 1981 cztsar.
1047 1948 1131 1979 nihil
1143 1954 1218 1987 ete,
1235 1948 1300 1979 wie
1316 1948 1368 1985 23,
1383 1947 1436 1986 37,
1452 1948 1487 1978 2;
1504 1958 1588 1990 pm·-

918 2005 1023 2036 gareg
1055 1994 1113 2031 32,
1142 1994 1202 2033 40,
1236 1995 1266 2024 l:
1301 1991 1503 2034 defendere:
1537 1992 1587 2024 als

922 2038 1208 2079 Entsehuldigung
1240 2038 1478 2077 vorbrachteu,
1512 2038 1588 2069 dass

924 2095 954 2115 u.
973 2095 998 2115 s.
1016 2094 1057 2115 w.
1081 2102 1125 2106 ——
1145 2083 1236 2126 publ.
1254 2093 1355 2122 cons„
1377 2093 1404 2114 s.
1424 2083 1460 2124 6,
1483 2082 1536 2124 10,
1555 2083 1586 2114 7.

923 2148 967 2152 —
985 2131 1062 2160 test.
1081 2140 1121 2164 s..
1140 2139 1166 2159 s.
1186 2129 1215 2169 4,
1234 2127 1287 2167 53,
1306 2130 1322 2158 5
1342 2139 1372 2159 u.
1392 2138 1422 2158 a.
1440 2145 1482 2150 —-
1500 2129 1589 2159 iusto

923 2176 1023 2217 pioq„
1045 2174 1071 2210 1,
1090 2174 1143 2211 22,
1162 2173 1551 2215 4:9,1,10.-parte
1568 2191 1590 2195 —

922 2222 1039 2262 parte,
1058 2219 1094 2259 je
1114 2219 1165 2249 die
1183 2217 1305 2249 Hiilfte.
1324 2236 1368 2240 —
1387 2216 1504 2249 [Ὀφ-οη.
1523 2219 1590 2249 cir-

924 2275 1041 2302 eums„
1072 2264 1138 2304 vgl.
1162 2263 1199 2303 9,
1226 2263 1282 2300 21,
1302 2262 1335 2292 6:
1365 2261 1538 2293 Plzzsttcam
1568 2280 1591 2284 —

925 2308 1180 2341 eiremnsz'dzmt.
1199 2326 1240 2330 —
1259 2307 1408 2346 diversa,
1434 2318 1460 2338 c.
1482 2307 1537 2347 15,
1556 2306 1588 2338 3.

925 2373 969 2377 —
993 2354 1075 2386 Aeli.
1100 2355 1193 2392 Atlz„
1218 2352 1384 2383 natiirlich
1407 2350 1588 2383 Gesaudte.

926 2417 968 2421 ——
996 2399 1100 2430 simul
1128 2410 1158 2429 n.
1183 2408 1257 2429 eam
1282 2397 1443 2429 Romanis
1471 2399 1590 2428 contra

927 2444 1083 2476 Boeotos:
1116 2442 1312 2475 schwerlich
1335 2442 1450 2472 wurdc
1468 2441 1590 2483 Quinc-

925 2489 991 2520 tius
1016 2489 1119 2519 durch
1141 2489 1255 2519 diesen
1274 2486 1387 2518 Grund
1411 2486 1589 2528 bestimmt,

925 2534 965 2565 da
1003 2534 1055 2565 die
1088 2533 1221 2565 Achfier
1258 2532 1339 2563 nach
1371 2530 1496 2564 Ablauf
1529 2531 1589 2563 des
