1715 2723
65 151 92 169 a.
111 143 162 169 Ch.
187 142 244 168 189.
479 141 602 174 LIBER
627 140 819 174 xxxvln.
854 140 945 173 cAP.
971 143 1001 174 2.
1031 143 1061 174 3.
1395 138 1478 180 269

66 245 302 286 imminentis
324 245 403 283 viae
425 245 697 284 discurrentes.
737 244 783 283 ad
806 255 975 294 quorum
999 248 1251 293 conspectum
1273 241 1479 280 constitere

69 303 192 354 prima
218 301 337 352 signa,
367 307 525 352 totoque
553 301 704 352 agmine
728 312 848 351 pavor
874 305 911 338 et
931 299 1130 349 trepidatio
1153 304 1243 345 erat,
1271 304 1306 336 et
1336 310 1407 348 pro
1438 310 1479 336 se
1500 300 1518 330 7

70 358 245 408 quisque,
276 358 461 408 quidnam
492 359 669 395 futurum
699 362 809 403 esset,
834 356 1010 406 cogitare,
1036 356 1068 393 si
1096 356 1135 393 in
1157 355 1270 393 valles
1292 354 1481 393 subiectas

68 414 232 464 rupibus
252 426 389 464 agmen
413 416 514 452 foret
536 413 759 451 demissum.
802 413 894 450 haec
916 411 1159 450 tumultuatio
1174 423 1305 461 regem
1317 410 1480 461 cupien-
1501 413 1520 445 8

68 476 158 517 tem,
190 470 221 508 si
251 483 290 508 se
320 474 587 520 sequerentur,
618 469 756 518 raptim
778 468 938 506 evadere
964 468 1169 518 angustias,
1193 479 1376 505 revocare
1397 466 1480 517 pri-

71 538 155 564 11105
180 532 217 565 01
238 527 382 573 eadem,
412 538 487 576 qua
508 530 676 570 venerat,
697 525 756 562 via
777 526 922 562 referre
944 524 1065 573 coegit
1087 523 1205 573 signa.
1251 524 1482 561 Athamanes

71 583 197 633 primo
219 595 265 621 ex
284 582 482 621 intervallo
503 581 621 631 quieti
642 579 924 630 sequebantnr3
955 586 1163 630 postquam
1182 579 1304 617 Aetoli
1325 592 1364 617 se
1387 591 1482 617 con·
1502 593 1521 625 9

69 640 300 685 iunxerunt,
331 639 414 684 hos,
444 644 485 675 ut
513 637 559 675 ab
593 644 699 687 tergo
731 636 873 686 agmini
905 636 1101 682 instarent,
1128 636 1381 685 reliquerunt,
1412 635 1484 686 ipsi

70 695 116 733 ab
138 695 319 733 lateribus
349 707 389 732 se
410 693 753 739 circumfuderunt,
784 692 939 742 quidam
959 704 1028 741 per
1046 697 1155 730 notas
1177 692 1286 729 calles
1307 691 1484 730 breviore
1507 701 1545 732 10

70 751 127 789 via
157 750 372 801 praegressi
396 750 579 788 transitus
608 749 806 794 insedere,
834 754 1061 798 tantumque
1086 748 1275 786 tumultus
1303 748 1482 785 Macedo-

70 807 184 845 nibus
213 813 269 845 est
292 807 486 853 iniectum,
517 812 559 844 ut
583 808 694 856 fugae
713 805 832 856 magis
855 805 998 843 effusae
1020 816 1133 854 quam
1154 804 1300 842 itineris
1321 804 1486 842 ordinati

71 863 189 902 modo
211 864 339 901 nmltis
366 863 482 901 armis
511 863 681 912 virisque
706 861 844 900 relictis
875 862 1021 899 flumen
1049 860 1275 899 trajecerint.
1306 860 1367 898 hic
1396 860 1484 898 finis
1508 870 1545 901 11

74 920 260 969 sequendi
289 920 371 958 fuit.
419 920 509 957 inde
539 925 620 957 tuto
642 919 869 957 Macedones
890 917 1089 967 Gomphos
1119 922 1154 955 et
1183 930 1202 955 a
1230 916 1416 966 Gomphis
1446 917 1485 954 in

74 976 337 1014 Macedoniam
367 976 575 1013 redierunt.
624 975 855 1013 Athamanes
883 974 1082 1024 Aetolique
1102 973 1305 1024 Ethopiam
1334 973 1381 1011 ad
1407 973 1485 1011 Xe—
1509 983 1547 1014 12

74 1044 218 1070 nonem
251 1044 293 1070 ac
323 1032 424 1070 mille
444 1032 672 1070 Macedonas
695 1031 971 1081 opprimendos
994 1030 1167 1080 undique
1190 1035 1486 1068 concurrerunt.

73 1088 301 1126 Macedones
324 1100 462 1138 parum
483 1089 568 1125 loco
591 1088 677 1126 freti
699 1088 745 1126 al)
764 1087 926 1137 Ethopia
948 1087 987 1124 in
1005 1087 1177 1124 altiorem
1199 1086 1485 1136 deruptiorem-
1509 1096 1547 1127 13

75 1156 150 1194 que
177 1145 348 1195 undique
377 1145 571 1183 tumulum
602 1156 848 1189 concessere,
881 1155 958 1193 quo
986 1142 1161 1193 pluribus
1188 1155 1233 1180 ex
1259 1143 1352 1180 10015
1383 1143 1486 1181 aditu

73 1201 231 1239 invento
254 1201 435 1251 expulere
458 1213 523 1238 eos
544 1201 788 1247 Athamanes,
815 1200 1088 1249 dispersosque
1110 1204 1146 1237 et
1165 1210 1234 1249 per
1253 1199 1353 1236 invia
1373 1206 1487 1249 atque
1510 1209 1549 1240 14

72 1257 221 1307 ignotas
252 1269 368 1307 rupes
397 1257 466 1295 iter
486 1258 598 1307 fugae
619 1269 698 1294 non
720 1255 957 1306 expedientis
980 1255 1116 1305 partim
1141 1261 1328 1306 ceperunt
1349 1255 1487 1305 partim

72 1312 361 1351 interfecerunt.
393 1313 502 1351 multi
523 1325 665 1362 pavore
684 1313 723 1350 in
745 1312 905 1361 derupta
926 1311 1181 1361 praecipitati;
1202 1311 1386 1361 perpauci
1398 1323 1488 1349 cum

72 1368 234 1407 Xenone
262 1369 308 1407 ad
331 1381 460 1418 regem
483 1375 698 1407 evaserunt.
737 1374 869 1418 postea
891 1380 960 1417 per
981 1367 1148 1406 indutias
1172 1367 1379 1417 sepeliendi
1401 1380 1487 1406 cae-

73 1437 138 1463 sos
169 1431 334 1475 potestas
364 1427 459 1463 facta
490 1431 556 1463 est.
605 1424 854 1475 Amynander
883 1429 1109 1474 recuperato
1140 1435 1260 1473 regno
1288 1424 1431 1474 legatos
1453 1430 1489 1462 et
1508 1431 1534 1470 3

74 1482 238 1520 Romam
269 1482 314 1519 ad
341 1487 515 1519 senatum
549 1486 584 1520 et
611 1481 657 1519 ad
680 1481 879 1531 Scipiones
899 1480 938 1518 in
959 1480 1100 1526 Asiam,
1133 1480 1275 1530 Ephesi
1293 1486 1382 1530 post
1403 1493 1486 1518 ma—

74 1550 194 1588 gnum
226 1550 315 1576 cum
336 1538 526 1575 Antiocho
558 1538 749 1588 proelium
780 1542 987 1583 morantes,
1015 1537 1129 1575 misit.
1173 1549 1306 1586 pacem
1337 1537 1488 1587 petebat
1506 1551 1525 1582 2

74 1700 184 1752 ἄκρῃς
210 1705 248 1739 ἓν
274 1701 482 1738 πτόλεσσιν.
512 1721 555 1726 —
587 1707 748 1736 constitere

75 1769 117 1773 —
145 1758 211 1783 erat
246 1769 288 1772 —
314 1753 464 1791 coqz'taov,
499 1761 523 1781 5.
550 1752 603 1788 25,
625 1752 678 1787 29,
705 1751 748 1791 93

815 1711 890 1744 sent,
920 1715 950 1735 u.
976 1714 1005 1735 a.
1021 1722 1060 1725 -
1076 1710 1138 1736 not.
1158 1706 1258 1745 calles,
1288 1704 1346 1735 der
1361 1703 1486 1736 Ueber-

815 1760 901 1790 gang
924 1749 1005 1780 iiber
1022 1749 1083 1780 den
1102 1748 1280 1789 Cercetius,
1306 1760 1330 1780 s.
1351 1750 1404 1789 32,
1435 1752 1486 1788 14,

78 1798 105 1835 1,
122 1798 175 1836 54,
198 1798 254 1829 10:
269 1798 748 1838 fuere—adimi—m·ad2'tur;

74 1844 105 1880 2,
131 1843 184 1879 53,
216 1843 229 1875 1
256 1852 286 1872 11.
312 1852 341 1873 a.
368 1859 408 1863 -
431 1843 571 1881 demiss.,
600 1843 631 1877 9,
658 1843 688 1878 2,
716 1842 745 1873 9.

74 1905 117 1909 —
153 1890 277 1918 tumult.
315 1887 416 1918 findet
447 1887 517 1917 sich
542 1890 633 1918 sonst
658 1886 748 1917 nicht

74 1932 177 1963 leicht
218 1932 271 1964 bei
311 1932 372 1963 den
415 1931 566 1963 bcsseren
605 1930 747 1962 Schrift-

73 1978 220 2009 stellern.
247 1995 291 2000 —
320 1980 351 2008 si
370 1989 400 2009 se
422 1989 481 2018 seq.
505 1977 634 2009 enth'alt
657 1977 749 2008 nicht

75 2023 180 2053 sowol
204 2022 255 2054 die
282 2023 471 2063 Bedingung
503 2034 542 2053 zu
576 2025 747 2062 cupientem

77 2071 204 2100 evadere
225 2083 271 2094 ==
294 2071 352 2108 qui
374 2074 497 2106 cuperet
521 2080 584 2107 eeu,
622 2068 662 2099 da
691 2068 748 2099 (101·

78 2111 186 2153 1101115
220 2113 360 2144 ohnehin
397 2114 457 2144 den
490 2113 639 2145 Wunsch
677 2114 748 2153 hat,

78 2158 126 2188 als
150 2168 191 2189 zu
215 2158 319 2189 eiuem
354 2168 411 2189 aus
440 2159 511 2189 dem
535 2158 748 2190 zusammen-

76 2203 183 2243 hange
230 2214 269 2234 zu
315 2204 512 2235 nehmenden
552 2203 748 2235 Gedanken:

77 2248 141 2279 und
173 2258 268 2280 wenn
300 2266 361 2288 —,
398 2259 431 2280 es
464 2253 598 2289 gewagt
630 2249 747 2289 haben,

77 2294 175 2324 rasch
218 2294 463 2334 durchgezogen
510 2294 580 2325 sein
623 2295 746 2334 wiirde,

78 2339 157 2370 oder
179 2353 224 2365 =
247 2342 277 2370 si
299 2357 353 2378 ——,
382 2342 508 2378 raptim,
534 2346 570 2372 ut
594 2342 745 2380 cupiebat,

76 2386 222 2416 evasisset
244 2388 417 2426 anqustias,
444 2385 509 2425 vgl.
530 2387 558 2423 1,
583 2387 637 2425 48,
664 2387 747 2418 9.-

77 2432 163 2461 evad.
186 2441 272 2472 any„
297 2441 322 2461 5.
353 2432 406 2470 21,
434 2432 488 2470 32,
517 2432 566 2463 13.

124 2521 245 2553 9-14.
284 2532 315 2552 se
345 2524 490 2553 conium.
518 2532 546 2552 n.
571 2523 630 2561 iis,
674 2521 740 2562 vgl.

71 2565 132 2605 22,
159 2567 212 2606 50,
239 2568 276 2599 5:
301 2578 371 2598 cum
397 2578 494 2607 aeque
515 2569 743 2609 eoniunqipos·

819 1797 846 1828 1.
876 1812 917 1818 ——
946 1797 1113 1835 transitus,
1144 1797 1197 1829 37,
1225 1797 1254 1834 7,
1284 1796 1333 1827 13.
1352 1813 1395 1816 -
1418 1798 1486 1834 flu-

815 1852 904 1879 men,
942 1839 1219 1871 wahrscheinlich
1260 1839 1304 1871 ist
1337 1840 1396 1872 der
1429 1851 1487 1872 aus

817 1886 886 1917 dem
922 1885 1008 1926 jetzt
1043 1885 1144 1916 Porta
1181 1889 1365 1926 genannten
1388 1884 1487 1917 Passe

816 1931 1005 1963 kommende
1035 1931 1158 1964 Zussuss
1191 1931 1247 1962 des
1271 1929 1396 1962 Peneus
1429 1942 1488 1972 ge-

817 1976 935 2017 meint3
974 1976 1025 2008 die
1061 1976 1185 2008 Namen
1220 1976 1488 2009 unbedeutender

817 2023 896 2054 oder
927 2022 1036 2062 wenig
1069 2022 1250 2053 bekannter
1275 2021 1390 2053 Fliisse
1422 2023 1488 2054 und

818 2067 898 2099 Orte
924 2068 1085 2108 iibergeht
1102 2067 1136 2099 L.
1155 2067 1239 2098 anch
1258 2071 1359 2108 sonst,
1386 2078 1413 2102 5.
1432 2070 1486 2107 24,

816 2115 878 2152 41,
908 2115 946 2154 53
971 2114 1033 2154 25,
1060 2114 1120 2152 32,
1142 2114 1179 2153 93
1206 2112 1248 2144 ib.
1274 2114 1335 2153 33,
1362 2114 1393 2151 9,
1419 2113 1487 2153 vgl.

816 2168 843 2190 c.
874 2160 904 2198 7,
934 2160 1017 2191 1.-
1036 2161 1159 2199 undiq.,
1185 2159 1224 2189 da
1254 2158 1302 2190 sie
1326 2158 1397 2189 sich
1413 2168 1488 2190 zer-

816 2208 924 2235 streut
940 2204 1067 2245 hatten,
1087 2203 1107 2245 ξ
1128 2206 1283 2245 9.—quo
1304 2204 1408 2244 h'angt
1423 2214 1486 2235 von

815 2252 905 2281 aditu
929 2249 981 2288 ab,
998 2264 1043 2275 =
1060 2252 1094 2281 in
1113 2261 1214 2290 quem,
1241 2249 1308 2290 vgl.
1327 2260 1354 2281 c.
1374 2251 1427 2288 56,
1454 2251 1486 2282 9.

815 2297 969 2333 —i7wz'a,
997 2305 1023 2326 0.
1042 2296 1096 2334 20,
1123 2297 1160 2328 4:
1188 2297 1312 2333 ardeam
1337 2305 1362 2326 c.
1378 2296 1487 2335 23,1;

817 2342 869 2380 31,
896 2342 950 2380 37,
979 2342 1029 2373 11.
1045 2343 1246 2382 ——praeez'p.,
1265 2351 1288 2372 5.
1309 2342 1362 2380 36,
1385 2341 1438 2380 30,
1457 2342 1486 2374 4.

861 2427 901 2466 3.
930 2432 1028 2464 1—2.
1052 2432 1181 2471 Ephesi,
1210 2431 1264 2469 37,
1285 2432 1339 2464 45.
1358 2441 1488 2470 —paa

810 2478 917 2516 βατὰ,
955 2475 1024 2507 Pol.
1048 2486 1074 2507 c.
1106 2478 1160 2515 25,
1188 2478 1220 2509 1:
1259 2476 1486 2522 παρακαλῶν

812 2521 1083 2568 προςδέξασθαι
1096 2518 1212 2554 πάλιν
1227 2518 1340 2554 αὐτὸν
1354 2524 1405 2558 εἰς
1421 2518 1487 2564 τὴν

813 2570 1042 2614 συμμαχίαν,
1071 2566 1123 2598 bei
1149 2566 1184 2598 L.
1210 2567 1243 2598 in
1269 2567 1488 2599 ver'andeiter
