1715 2723
92 97 122 116 ὃ·
143 89 195 116 Ch.
220 89 278 115 192.
516 89 640 122 LIBER
665 89 812 123 XXXV.
846 89 938 121 CAP.
975 91 1028 123 29.
1056 90 1107 123 30.
1463 86 1518 127 47

96 193 226 244 ceptui
248 193 332 231 cani
350 192 525 231 iussisset
544 193 627 230 loca
650 193 769 243 magis
790 194 1018 242 confragosa
1039 198 1086 236 et,
1109 202 1356 242 quacumque
1371 195 1518 228 temere

98 249 362 300 processisset,
385 249 518 299 iniqua
540 261 657 299 quam
679 249 829 286 hostem
852 254 1040 286 metuens.

211 305 305 343 Inde
337 311 373 343 et
403 317 449 343 ex
480 307 635 343 fortuna
655 316 807 355 pugnae
834 309 870 342 et
897 316 942 342 ex
970 304 1124 354 ingenio
1153 303 1261 341 ducis
1285 302 1516 348 coniectans,
1536 310 1556 342 8

96 361 141 399 in
167 373 244 411 quo
261 361 391 399 tumis
412 373 556 411 pavore
577 366 687 407 esset,
706 372 831 397 unum
852 360 898 398 de
919 360 1167 398 auxiliaribus
1192 359 1318 409 specie
1340 360 1515 397 transfu-

99 429 167 468 gae
200 417 314 455 mittit
342 417 388 456 ad
423 429 524 463 eum,
555 417 620 466 qui
639 428 709 466 pro
735 422 933 466 comperto
957 416 1125 454 adferret
1146 415 1320 453 Achaeos
1342 415 1517 453 statuisse
1536 418 1555 450 9

99 479 257 524 postero
284 474 345 511 die
375 473 421 511 ad
448 474 620 511 Eurotan
651 484 818 518 amnem,
845 472 911 521 qui
938 484 1060 522 prope
1090 472 1183 521 ipsis
1206 471 1339 509 adfluit
1365 471 1517 509 moeni-

99 529 186 576 hus,
208 529 401 580 progredi,
421 536 463 568 ut
483 528 786 567 intercluderent
804 528 887 574 iter,
912 540 960 565 ne
980 535 1044 566 aut
1065 533 1264 578 tyrannus,
1291 538 1381 564 cum
1396 527 1518 573 vellet,

98 592 299 635 receptum
329 586 376 623 ad
406 585 545 624 urbem
575 584 743 629 haberet,
772 590 837 622 aut
867 590 1106 622 commeatus
1137 583 1183 621 ad
1214 582 1309 620 urbe
1336 583 1377 620 in
1397 588 1519 621 castra
1538 587 1579 618 10

99 647 359 692 portarentur,
389 641 504 680 simul
533 641 645 679 etiam
675 646 940 690 temptaturos,
971 641 1001 678 si
1033 652 1204 690 quorum
1237 639 1353 676 animi
1374 639 1517 677 sollici-

98 698 169 735 tari
189 698 235 735 ad
257 697 512 735 defectionem
536 710 556 735 a
578 703 744 747 tyranno
768 702 937 747 possent.
969 708 1050 734 non
1075 703 1150 734 tani
1172 695 1289 733 fidem
1302 695 1410 732 dictis
1425 707 1517 744 per-
1541 701 1577 732 11

99 754 191 803 fuga
221 754 319 799 fecit,
350 765 465 803 quam
497 753 675 803 perculso
707 758 811 791 metu
834 752 1079 802 relinquendi
1103 758 1226 790 castra
1246 763 1401 789 causam
1422 762 1517 801 pro—

99 808 264 847 babilem
292 809 478 860 praebuit.
520 817 685 861 ,postero
717 809 776 847 die
805 809 1062 860 Pythagoran]
1092 821 1181 846 rum
1208 806 1455 846 auxiliaribus
1483 812 1519 845 et
1540 815 1579 847 12

101 866 271 915 equitatu
295 866 497 904 stationem
519 878 629 916 agere
652 878 723 916 pro
750 866 846 903 vallo
868 866 997 911 iussit3
1021 865 1102 915 ipse
1126 871 1321 915 tamquam
1341 864 1380 901 in
1396 863 1518 901 aciem

102 934 191 959 cum
214 921 357 960 robore
378 923 567 960 exercitus
592 934 769 972 egressus
791 922 898 972 signa
921 921 1029 959 ocius
1051 921 1144 959 ferri
1165 921 1211 959 ad
1233 919 1372 958 urbem
1393 919 1517 958 iussit.

100 977 381 1028 Philopoemen
406 985 614 1028 postquam
645 978 802 1016 citatum
823 990 961 1028 agmen
982 990 1052 1028 per
1079 982 1284 1028 angustam
1306 982 1342 1014 et
1373 976 1517 1026 procli-
1537 974 1596 1015 30

101 1046 189 1072 vem
219 1034 319 1072 viam
351 1035 438 1072 duci
469 1035 607 1085 raptim
639 1034 751 1080 vidit,
783 1035 994 1085 equitatum
1021 1046 1180 1072 omnem
1212 1039 1248 1071 et
1275 1032 1518 1071 Cretensium

101 1090 305 1129 auxiliares
335 1091 375 1128 in
405 1091 607 1129 stationem
639 1091 823 1136 hostium,
856 1103 952 1140 quae
983 1102 1054 1140 pro
1086 1089 1219 1128 castris
1249 1094 1339 1135 erat,
1371 1088 1518 1127 emittit.

98 1146 152 1184 illi
177 1146 243 1184 ubi
264 1147 384 1185 hostis
405 1147 538 1185 adesse
561 1154 597 1185 et
615 1159 636 1184 a
656 1147 736 1185 suis
759 1159 799 1185 se
821 1147 993 1185 desertos
1017 1146 1208 1192 viderunt,
1239 1145 1366 1195 primo
1389 1144 1429 1182 in
1453 1156 1517 1182 ca·
1537 1149 1557 1181 2

100 1208 178 1240 stra
211 1203 383 1252 recipere
413 1216 453 1241 se
490 1203 615 1241 conati
643 1209 755 1248 sunt;
788 1203 938 1248 deinde,
966 1209 1171 1253 postquam
1202 1202 1389 1239 instructa
1418 1201 1518 1239 acies
1538 1214 1556 1245 3

101 1264 180 1296 tota
201 1259 446 1297 Achaeorum
467 1258 759 1302 admovebatur,
782 1265 899 1305 metu,
928 1271 976 1297 ne
1008 1271 1099 1297 cum
1126 1258 1218 1308 ipsis
1248 1257 1380 1295 castris
1403 1269 1517 1307 cape-

99 1320 248 1361 rentur,
276 1315 385 1365 sequi
406 1327 570 1353 suorum
591 1327 730 1365 agmen
758 1316 999 1365 aliquantum
1021 1326 1290 1365 praegressum
1322 1312 1519 1352 insistunt.

100 1371 294 1421 extemplo
326 1372 477 1410 caetrati
497 1371 743 1409 Achaeorum
764 1372 805 1409 in
827 1377 948 1410 castra
970 1371 1159 1421 impetum
1182 1370 1328 1408 faciunt
1352 1365 1405 1422 [et
1424 1368 1518 1407 diri·
1536 1376 1558 1407 4

100 1423 249 1481 piunt];
274 1428 389 1466 ceteri
407 1428 452 1466 ad
473 1427 766 1478 persequendos
793 1428 924 1466 hostes
946 1428 1001 1465 ire
1022 1432 1201 1478 pergunt.
1244 1431 1323 1464 erat
1342 1427 1414 1464 iter
1434 1426 1518 1471 tale,

99 1496 170 1535 per
194 1484 299 1534 quod
323 1484 384 1522 vix
407 1484 657 1534 tranquillum
680 1483 726 1522 ab
748 1484 876 1522 hostili
897 1490 1002 1522 metu
1023 1496 1161 1534 agmen
1183 1482 1355 1533 expediri
1367 1489 1520 1533 posset:

149 1640 271 1672 8—12.
298 1651 335 1672 ex
360 1650 422 1671 vor
441 1640 502 1671 den
522 1638 776 1671 verschiedenen

101 1685 267 1725 Begriffen
291 1685 549 1716 nachdriicklich
569 1684 776 1716 wiederholt.

102 1748 146 1753 -—
170 1741 273 1762 mmm
302 1731 357 1770 22,
391 1732 421 1770 8,
459 1732 488 1763 2.
537 1732 573 1763 de
599 1743 628 1766 a.
656 1730 720 1762 wie
748 1742 776 1765 c.

103 1776 157 1816 30,
181 1777 241 1816 11,
264 1777 317 1816 22,
340 1778 393 1816 59,
412 1778 431 1809 9
450 1787 479 1809 u,
494 1786 535 1816 a.,
554 1779 646 1807 sonst
661 1776 720 1807 hat
738 1775 775 1809 L.

103 1819 153 1852 oft
183 1833 270 1854 umes
305 1833 352 1854 ex.
387 1839 431 1844 -—
464 1824 622 1862 Eurotan,
660 1821 724 1852 wie
749 1831 777 1853 c.

104 1867 158 1906 30,
187 1868 225 1906 ῖς
259 1869 312 1907 35,
351 1869 400 1900 10.
427 1885 471 1890 -
492 1877 593 1906 prope
617 1868 677 1906 ips.
703 1870 775 1906 etc,

101 1912 156 1952 34,
183 1913 236 1952 28,
265 1913 304 1944 2:
327 1914 386 1944 sub
410 1914 488 1952 ipsis
504 1923 607 1952 prope
623 1914 778 1953 fluentem

102 1959 272 1991 moenibus.
287 1976 328 1980 —-
339 1964 551 1997 temptaturos,
578 1957 629 1988 die
646 1957 778 1989 Achaei·

101 2001 224 2033 sollteu
265 2002 316 2034 die
362 2003 432 2034 sic-h
469 2007 558 2035 etwa
597 2003 776 2043 zeigendeu

103 2046 223 2080 Laced.
249 2048 320 2080 dem
336 2047 516 2090 Tyrannen
541 2048 713 2089 abweudig
738 2059 779 2079 zu

102 2094 241 2124 macheu
272 2094 404 2127 suchen.
448 2111 493 2117 —
522 2095 664 2135 peffuqa
688 2094 778 2125 steht

102 2137 176 2169 hier
216 2141 390 2180 tran-§fuya
424 2140 443 2178 ξ
484 2141 502 2173 S
546 2138 694 2181 parallel.
733 2157 778 2162 -—

101 2185 252 2225 Pythaff„
278 2185 332 2224 34,
359 2186 412 2225 39,
443 2187 473 2217 9.
497 2203 542 2206 -
568 2191 640 2217 stat.
658 2201 701 2207 —-
717 2196 778 2226 αφ,

103 2227 182 2263 Tac.
208 2229 246 2264 H.
274 2231 303 2269 1,
330 2231 390 2263 28:
418 2232 581 2263 stationem
606 2233 640 2262 in
665 2233 777 2263 eastris

102 2276 230 2315 aqebat,·
255 2274 290 2306 L.
311 2277 341 2316 5,
367 2277 417 2316 10,
445 2278 483 2309 4:
509 2278 665 2308 custodias
679 2287 778 2318 affere.

104 2332 255 2360 —pro;
287 2330 315 2354 c.
350 2320 411 2361 30,
447 2323 482 2361 13
509 2322 568 2361 38,
596 2322 656 2361 22,
687 2324 725 2362 Τ,
752 2332 778 2355 S.

105 2365 160 2406 25,
195 2367 248 2406 11,
274 2368 305 2399 4.
335 2384 379 2388 ———
406 2373 566 2407 tamqnam
595 2367 714 2407 geh'o'rt
738 2378 778 2398 zu

103 2413 141 2442 in
161 2413 277 2443 aciem:
301 2423 372 2443 oum
395 2419 554 2453 tamquam
577 2415 642 2444 acie
650 2424 778 2454 paqua-

103 2461 197 2487 turus
211 2453 242 2500 (e
254 2458 381 2497 castris)
406 2470 547 2499 &resecas
563 2464 639 2490 esset
654 2462 714 2491 etc.
734 2476 776 2481 —

100 2503 188 2534 ocius
213 2503 293 2543 (nur)
319 2513 372 2534 um
385 2513 421 2535 so
441 2503 622 2543 schueller3
653 2505 702 2545 10,
722 2506 776 2544 40,

845 1642 883 1679 63
908 1639 951 1671 ib.
982 1642 1012 1679 5,
1042 1641 1079 1679 33
1106 1641 1136 1680 S,
1167 1641 1221 1679 24,
1254 1641 1283 1672 3.
1310 1640 1433 1670 —-rob.
1460 1649 1519 1677 ex„

844 1685 895 1716 die
921 1684 1082 1716 Phalanx.

892 1773 960 1812 30.
988 1777 1086 1809 1-6.
1119 1778 1249 1808 citatum
1271 1792 1315 1797 —-
1340 1777 1469 1815 raptim,
1494 1785 1519 1808 5.

847 1823 878 1862 3,
903 1822 957 1861 23,
986 1822 1021 1853 3:
1057 1824 1184 1854 citatum
1206 1831 1316 1862 aymen
1351 1838 1394 1842 --
1424 1822 1520 1860 rapit.

845 1885 886 1889 —
905 1873 1061 1907 metu‚ne,
1089 1877 1115 1898 s.
1138 1868 1190 1908 37,
1213 1868 1266 1906 51,
1292 1868 1350 1906 103
1371 1868 1402 1907 3,
1425 1868 1454 1906 5,
1483 1867 1520 1905 53

847 1912 889 1945 ib.
909 1914 963 1951 35,
981 1914 1018 1953 23
1040 1914 1093 1952 37,
1122 1914 1173 1953 13,
1198 1914 1249 1950 10,
1273 1911 1340 1952 vgl.
1364 1921 1391 1942 c.
1416 1913 1466 1951 14,
1490 1912 1521 1943 3.

846 1976 889 1980 —
915 1970 985 1989 oum
1010 1960 1030 1990 i.
1058 1965 1152 1994 cast.‚
1177 1968 1212 1989 so
1242 1957 1317 1988 dass
1343 1956 1391 1988 sie
1418 1956 1522 1988 selbst

846 2004 930 2034 noch
946 2003 989 2034 im
1003 2002 1112 2044 Lagei·
1127 2002 1198 2034 sich
1216 2001 1387 2034 befindend
1404 2000 1520 2043 gesan-

847 2059 909 2089 gen
943 2058 1133 2089 genonuuen
1164 2048 1319 2088 wiirden3
1352 2058 1393 2079 zu
1417 2054 1522 2080 castra

845 2094 890 2125 ist
914 2105 1022 2134 capere
1046 2093 1246 2125 einnehmeu.
1280 2111 1324 2116 —
1355 2095 1520 2131 insistunt,

847 2142 900 2179 37,
923 2142 976 2180 27,
1003 2141 1032 2172 4.
1063 2157 1102 2161 —
1130 2146 1157 2172 et
1181 2141 1276 2179 dirip.
1307 2139 1365 2170 hat
1389 2149 1452 2170 nur
1468 2138 1520 2169 die

846 2184 908 2218 Mz.
934 2184 999 2225 Hs.,
1026 2195 1060 2217 es
1075 2185 1196 2216 miisste
1215 2185 1297 2215 dazu
1318 2196 1353 2216 ea
1373 2194 1431 2215 aus
1449 2184 1521 2215 dem

846 2230 1050 2271 Vorhergeh.
1091 2230 1183 2261 nicht
1214 2231 1297 2261 ohne
1331 2228 1434 2261 Hiirte
1466 2239 1520 2260 er-

847 2276 946 2317 g'anzt
971 2276 1116 2316 werden,
1143 2275 1210 2316 vgl.
1237 2286 1265 2307 c.
1296 2277 1346 2315 19,
1374 2276 1412 2307 6:
1449 2277 1522 2314 odi,-

846 2322 929 2353 auch
952 2322 1024 2353 sind
1050 2321 1102 2353 die
1129 2324 1260 2354 caetrati
1282 2321 1365 2351 nach
1384 2318 1404 2360 ξ
1426 2322 1444 2352 7
1464 2330 1519 2351 so-

846 2367 955 2408 gleich
980 2366 1234 2408 aufgebrochen.
1270 2384 1315 2388 —
1349 2368 1519 2406 tranquill.

843 2415 891 2452 ab,
915 2412 979 2444 wie
1004 2423 1078 2444 man
1101 2416 1175 2453 sagt
1201 2414 1290 2453 quies
1313 2413 1368 2451 ab,
1395 2413 1433 2449 3,
1464 2413 1518 2451 53,

846 2460 883 2498 S,
910 2459 964 2497 28,
994 2459 1044 2497 19,
1076 2460 1101 2491 1.
1130 2476 1170 2480 —
1196 2459 1321 2497 hostili,
1354 2460 1440 2487 statt
1465 2456 1520 2488 des

845 2502 954 2538 Genit.
987 2503 1060 2544 obi„
1088 2506 1117 2544 3,
1156 2504 1209 2544 42,
1250 2505 1287 2542 53
1314 2504 1368 2542 45,
1400 2504 1451 2542 10,
1481 2504 1517 2535 11
