1715 2723
204 72 285 114 152

613 71 737 104 LIBER
760 71 924 106 XXXVI.
958 71 1050 104 CAP.
1074 74 1130 106 41.
1155 74 1208 112 42,

1468 80 1493 99 a.
1512 80 1542 99 u.
1559 73 1621 100 563.

201 186 296 225 pore
325 174 384 212 vel
413 173 577 211 maxima
606 173 708 223 apud
738 186 870 224 regem
899 174 1105 213 auctoritas
1134 180 1233 222 erat,
1265 176 1383 227 magis
1415 176 1547 215 mirari
1576 190 1619 216 se

201 231 339 276 aiebat,
370 230 476 280 quod
502 241 584 267 non
611 229 688 268 iam
712 229 754 267 in
784 230 873 268 Asia
902 236 1031 269 essent
1058 231 1244 278 Romani,
1283 243 1399 282 quam
1430 238 1623 272 venturos

162 294 182 325 3
203 286 396 325 dubitare:
436 285 598 336 propius
626 298 709 324 esse
738 298 785 324 ex
813 286 968 325 Graecia
992 287 1034 325 in
1063 287 1194 325 Asiam
1223 299 1340 338 quam
1370 301 1417 327 ex
1443 289 1547 328 Italia
1575 289 1618 327 in

202 343 399 381 Graeciam
428 342 609 389 traicere,
641 348 678 381 et
706 343 828 381 multo
857 343 1045 382 maiorem
1068 355 1223 382 causam
1245 344 1479 384 Antiochum
1500 358 1617 397 quam

201 399 359 437 Aetolos
387 410 493 446 esse3
523 410 652 449 neque
680 399 784 437 enim
814 400 910 438 mari
939 400 1070 439 minus
1102 411 1219 450 quam
1247 406 1349 439 terra
1368 402 1512 452 pollere
1533 403 1617 441 Ro-

161 468 183 499 4
202 467 316 493 mana
335 467 454 493 arma,
492 455 568 493 iam
588 455 738 505 pridem
759 456 920 494 classem
943 456 1042 494 circa
1061 457 1221 494 Maleam
1243 468 1348 503 esse,
1379 458 1512 497 audire
1533 471 1620 497 sese

200 523 327 562 nuper
352 523 472 550 novas
498 523 615 550 naves
645 523 873 563 novumque
899 513 1180 563 imperatorum
1209 513 1265 551 rei
1295 514 1484 563 gerendae
1504 526 1618 554 causa

162 582 182 614 5
203 580 249 606 ex
272 567 376 606 Italia
395 568 568 607 venisse:
598 569 726 619 itaque
749 569 942 607 desineret
961 569 1175 608 Antiochus
1196 581 1330 619 pacem
1352 569 1425 608 sihi
1444 571 1528 621 ipse
1549 583 1619 621 spe

202 636 299 662 vana
329 626 467 663 facere.
515 624 556 662 in
586 624 675 663 Asia
703 630 740 664 et
769 626 816 664 de
844 626 927 676 ipsa
947 626 1036 664 Asia
1053 625 1162 664 brevi
1181 631 1283 664 terra
1305 626 1480 676 marique
1501 626 1618 665 dimi-

202 681 369 719 candum
401 681 434 719 ei
459 693 547 719 cum
568 681 754 720 Romanis
778 694 874 727 esse,
905 687 941 720 et
960 688 1025 721 aut
1044 682 1253 733 imperium
1275 682 1527 722 adimendum
1550 696 1618 722 or-

161 742 182 774 6
199 737 289 776 hem
312 743 505 776 terrarum
525 737 814 784 adfectantibus,
836 743 900 776 aut
917 739 991 789 ipsi
1012 751 1177 789 regnum
1199 739 1465 784 amittendum.
1513 752 1620 779 unus

199 807 291 832 vera
320 800 356 832 et
384 794 590 845 providere
621 799 657 832 et
684 794 845 833 fideliter
874 794 1096 844 praedicere
1120 795 1237 833 visus.
1282 795 1411 846 itaque
1439 797 1522 847 ipse
1548 809 1618 835 rex

200 849 377 897 navibus,
401 862 498 900 quae
519 856 670 900 paratae
689 850 977 901 instructaeque
999 856 1117 898 erant,
1141 851 1430 890 Chersonesum
1449 853 1553 902 petit,
1575 858 1620 892 ut

162 914 183 945 7
203 919 246 945 ea
257 907 352 953 loca,
373 907 405 945 si
416 908 516 945 forte
528 912 629 945 terra
640 907 818 945 venirent
827 907 1005 952 Romani,
1028 907 1226 957 praesidiis
1238 907 1429 954 firmarem
1452 915 1618 947 ceteram

202 963 363 1001 classem
374 963 653 1014 Polyxenidam
674 975 809 1013 parare
830 969 866 1002 et
885 963 1077 1001 deducere
1096 963 1229 1009 iussit,
1251 964 1524 1014 speculatorias
1544 977 1619 1003 na-

202 1031 269 1057 ves
300 1018 346 1057 ad
378 1019 507 1057 omnia
533 1019 767 1069 exploranda
798 1020 898 1058 circa
927 1019 1072 1058 insulas
1103 1019 1256 1058 dimisit.

123 1081 182 1122 42

315 1075 354 1113 C.
377 1075 508 1114 Livius
526 1077 744 1126 praefectus
755 1077 953 1115 Romanae
974 1076 1114 1123 classis,
1139 1088 1229 1114 cum
1253 1076 1530 1127 quinquaginta
1546 1089 1620 1116 na-

203 1131 314 1170 vibus
338 1132 445 1170 tectis
466 1134 666 1182 profectus
686 1132 732 1170 ab
752 1133 876 1171 Roma
892 1133 1104 1183 Neapolim,
1127 1144 1204 1183 quo
1229 1132 1274 1171 ab
1298 1133 1411 1171 sociis
1433 1133 1515 1171 eius
1528 1146 1619 1173 orae

201 1188 410 1226 convenire
436 1189 600 1227 iusserat
625 1194 773 1239 apertas
802 1201 939 1236 naves,
979 1201 1078 1239 quae
1104 1201 1149 1227 ex
1179 1189 1336 1227 foedere
1366 1189 1620 1238 debebantur,

162 1254 182 1285 2
201 1245 365 1284 Siciliam
395 1245 485 1283 inde
510 1245 602 1295 petit
632 1247 810 1295 fretoque
837 1246 1053 1284 Messanam
1084 1251 1390 1296 praetervectus,
1431 1258 1521 1285 cum
1551 1259 1618 1286 sex

247 1403 345 1435 3—5.
370 1413 436 1433 non
464 1404 543 1441 iam,
576 1412 600 1433 s.
631 1403 684 1441 30,
716 1404 745 1441 7,
773 1403 801 1435 8.
829 1419 874 1423 —

199 1458 293 1488 quam
332 1448 453 1478 niihert
492 1447 563 1478 sich
602 1447 659 1478 der
689 1446 874 1487 Negation:

198 1495 316 1525 mirari
337 1510 382 1515 ——
404 1504 459 1525 nec
483 1494 636 1530 dubitare,
663 1492 767 1523 daher
790 1491 874 1533 folgt

200 1539 284 1569 nach
308 1549 404 1579 quam
429 1540 574 1570 dubitare
598 1537 662 1569 wie
689 1539 773 1569 nach
809 1549 873 1569 non

199 1586 352 1623 dubitare,
378 1594 401 1615 s.
432 1586 460 1620 1,
487 1585 540 1618 23,
568 1586 604 1616 7:
629 1585 718 1614 haud
731 1584 871 1623 dubium,

199 1630 253 1669 38,
281 1631 312 1670 6,
343 1631 360 1661 7
387 1640 418 1660 u.
445 1629 487 1666 ii„
514 1629 572 1660 der
596 1639 662 1660 acc.
691 1639 717 1660 c.
745 1627 805 1661 inf.
829 1646 873 1651 ——

190 1677 329 1714 propius
354 1674 408 1713 ist,
437 1684 534 1706 wenn
554 1673 603 1714 L.,
628 1674 693 1705 wie
718 1673 739 1714 ξ
758 1675 777 1706 6
799 1684 874 1705 ver-

198 1720 329 1751 muthen
363 1720 469 1761 liisst,
509 1730 550 1751 an
591 1719 652 1751 den
677 1718 874 1760 Uebergang

198 1765 279 1797 iiber
319 1766 378 1797 deu
416 1764 608 1807 Hellespont
643 1765 761 1805 denkt,
806 1764 874 1805 vgl.

198 1811 253 1850 37,
279 1812 318 1850 9,
345 1813 383 1849 6,
409 1810 442 1841 in
468 1811 525 1842 der
550 1810 769 1850 eigentlichen
795 1811 874 1841 oder

198 1856 288 1888 einer
305 1856 411 1888 dieser
431 1856 647 1888 verwandten
664 1856 874 1896 Bedeutung:

197 1911 232 1933 es
272 1902 327 1942 ist,
365 1902 447 1942 liegt
486 1902 599 1941 naher,
639 1912 680 1933 zu
718 1902 874 1942 nehmen;

198 1947 282 1978 doch
304 1947 348 1978 ist
381 1947 432 1979 die
458 1946 643 1978 Construct.
669 1947 873 1987 ungew'ohn-

198 1992 277 2032 lich,
301 2003 376 2023 man
402 2003 477 2033 mag
499 1995 634 2031 propius
660 1992 709 2024 als
727 1992 872 2024 Adverb.

197 2037 413 2079 betrachten,
451 2038 515 2069 wie
541 2039 601 2075 23,
631 2040 694 2078 44,
734 2041 768 2069 1:
805 2049 873 2070 sero

197 2090 241 2115 est
273 2090 393 2115 mutare
424 2095 454 2115 u.
492 2084 540 2122 a„
587 2083 665 2114 oder
706 2083 754 2114 als
785 2083 872 2123 Adj„

197 2128 264 2169 vgl.
293 2131 347 2168 21,
376 2131 405 2168 5,
425 2130 483 2169 12,
501 2128 584 2160 Stat.
601 2128 702 2161 Theb.
722 2130 771 2166 12,
791 2130 873 2161 223:

189 2177 327 2214 propior
345 2177 460 2214 timeri,
481 2173 696 2206 verschieden
714 2174 758 2205 ist
767 2173 873 2206 Tacit.

196 2219 233 2251 H.
262 2221 294 2257 2,
323 2222 364 2253 76
390 2220 456 2251 und
481 2219 532 2251 die
550 2219 764 2259 Vei-bindung
775 2230 874 2259 prope

196 2272 239 2297 est
257 2272 292 2297 ut
310 2264 344 2298 L.
373 2267 404 2305 2,
429 2266 483 2305 30,
511 2267 549 2305 23
571 2264 615 2297 ib.
641 2266 695 2305 23,
724 2266 764 2298 14
790 2276 821 2297 u.
845 2275 873 2296 a.

196 2328 241 2332 —
268 2322 404 2351 eausam,
431 2322 456 2342 s.
483 2312 536 2350 21,
567 2312 620 2350 21,
655 2312 681 2343 1.
710 2328 751 2332 -
777 2321 876 2350 neque

197 2359 279 2388 enim
319 2361 384 2389 etc.
430 2356 572 2397 ktiunte,
622 2355 780 2387 w'zihrend
821 2355 873 2387 ‹lie

196 2401 296 2433 Siitze
328 2405 464 2441 propius
499 2419 543 2424 —
577 2413 639 2433 esse
671 2400 721 2432 die
747 2400 873 2432 Motive

196 2447 387 2487 enthalten,
421 2448 548 2479 welche
580 2447 633 2478 die
665 2446 783 2478 Ro'mer
816 2446 873 2477 be-

196 2492 346 2524 stimmen
388 2493 472 2524 nach
498 2492 599 2524 Asien
632 2492 871 2533 iiberzugehen,

943 1402 1004 1433 den
1029 1401 1142 1433 Grund
1168 1399 1385 1442 hinzufiigen,
1419 1412 1545 1433 warum
1570 1402 1621 1434 sie

943 1457 976 1479 es
1012 1447 1157 1479 konnen:
1200 1446 1248 1478 sie
1286 1447 1420 1478 werden
1456 1447 1616 1488 kommen,

943 1493 1026 1524 denn
1050 1511 1093 1514 —
1118 1492 1182 1523 und
1210 1492 1257 1523 sie
1282 1492 1410 1523 konnen
1443 1502 1495 1533 es,
1533 1493 1620 1524 deun

941 1549 972 1569 u.
997 1549 1021 1569 s⁴
1046 1548 1107 1576 w.,
1144 1538 1185 1568 <la
1210 1547 1243 1568 es
1266 1536 1387 1577 jedoch
1406 1538 1510 1569 niiher
1534 1538 1619 1579 liegt

944 1583 995 1614 die
1024 1583 1094 1614 drei
1120 1582 1251 1614 Griinde
1276 1582 1309 1613 in
1335 1582 1483 1623 gleicher
1500 1583 1617 1615 Weise

943 1627 1002 1659 auf
1033 1629 1092 1660 den
1122 1628 1415 1668 vorhergehenden
1441 1627 1619 1660 Gedanken

944 1685 984 1705 zu
1009 1673 1185 1713 beziehen,
1210 1683 1246 1704 so
1272 1673 1316 1704 ist
1339 1676 1422 1705 enim
1447 1673 1620 1705 vielleicht

943 1719 1129 1751 verdorben
1159 1717 1270 1758 (Gron.
1308 1728 1409 1750 verm.
1434 1719 1542 1760 etiam)
1568 1720 1618 1753 od.

943 1765 1083 1805 uniicht,
1125 1764 1191 1796 und
1234 1774 1268 1795 es
1316 1762 1400 1796 fehlt
1442 1764 1475 1795 in
1528 1764 1622 1796 einer

942 1811 1096 1852 spateren
1121 1809 1173 1841 Hs.
1200 1827 1242 1832 ——
1268 1811 1331 1841 iam
1351 1821 1402 1849 pr.
1429 1827 1474 1832 ——
1501 1821 1618 1850 nuper,

941 1867 966 1887 s.
994 1858 1048 1895 35,
1073 1857 1128 1895 22,
1154 1857 1192 1894 23
1218 1855 1259 1886 ib.
1283 1857 1337 1895 37,
1364 1858 1402 1897 33
1427 1857 1480 1895 36,
1506 1857 1539 1895 2,
1567 1857 1618 1889 14.

943 1919 985 1924 —-
1000 1904 1088 1942 itaq„
1112 1900 1358 1942 gewohnlicher
1384 1900 1428 1932 ist
1451 1900 1483 1931 in
1498 1901 1619 1933 diesem

942 1945 1036 1978 Falle
1055 1949 1202 1987 proinde,
1231 1949 1258 1985 1,
1281 1948 1312 1986 9,
1344 1947 1374 1980 4.

989 1994 1086 2025 6-7,
1107 1994 1210 2032 fidel„
1238 1990 1423 2032 Gegensatz
1444 2001 1484 2022 zu
1508 1994 1620 2023 adsen-

941 2040 1035 2070 tando
1062 2037 1083 2079 ξ
1113 2039 1141 2078 1,
1167 2036 1231 2068 wie
1257 2049 1331 2069 vera
1351 2047 1390 2068 zu
1407 2047 1556 2070 errorem.
1574 2054 1619 2059 —

943 2094 978 2115 ea
994 2086 1069 2123 loca,
1089 2082 1310 2125 Lysimachia,
1325 2081 1448 2122 Sestus,
1461 2082 1623 2125 Abydus3

943 2130 996 2167 37,
1025 2130 1077 2169 31,
1104 2130 1143 2168 23
1181 2138 1325 2168 genauer
1356 2127 1437 2170 App.
1470 2128 1492 2159 l.
1525 2127 1546 2159 l.
1576 2145 1620 2150 -

944 2181 1039 2215 terra,
1066 2174 1132 2215 vgl.
1160 2175 1213 2214 37,
1242 2175 1273 2213 9,
1302 2175 1332 2206 6.
1361 2190 1405 2196 -
1438 2175 1522 2205 circa
1545 2175 1619 2212 ins„

942 2230 995 2251 um
1009 2237 1052 2242 —
1066 2220 1191 2259 herum,
1218 2219 1313 2251 oder:
1341 2219 1425 2250 nach
1437 2236 1482 2241 —
1495 2218 1622 2259 umher,

942 2267 997 2305 42,
1024 2267 1078 2305 45,
1112 2266 1140 2297 1.

989 2307 1059 2346 42.
1090 2311 1185 2343 1-2.
1209 2311 1340 2348 Livius,
1373 2320 1399 2342 c.
1427 2310 1446 2341 2
1480 2308 1540 2339 hat
1583 2317 1620 2339 er

943 2356 1026 2386 nach
1053 2356 1112 2387 den
1130 2355 1326 2387 Annalisten
1345 2364 1406 2386 nur
1422 2355 1464 2387 30
1485 2353 1618 2385 Schiffe.

942 2419 986 2423 -
1013 2403 1134 2441 Νεαμ,
1161 2402 1220 2440 35,
1251 2402 1309 2439 16,
1338 2401 1367 2432 8.
1401 2417 1446 2422 ——-
1469 2401 1535 2431 eius
1559 2410 1619 2439 or„

944 2446 1063 2478 Cumae
1088 2458 1119 2479 u.
1151 2457 1178 2477 a.
1203 2463 1248 2468 -—
1274 2457 1311 2477 ex
1334 2446 1430 2485 foed„
1456 2445 1513 2476 das
1539 2443 1617 2484 jede

943 2492 1091 2524 einzelne
1125 2491 1222 2523 stadt
1253 2491 1355 2522 hatte.
1392 2508 1435 2513 —
1468 2492 1623 2538 Messan„
