1715 2723
76 114 103 131 a.
119 105 171 132 Ch.
187 103 248 129 200.
542 93 664 126 LIBER
681 94 811 127 XXXI.
838 94 931 126 CAP.
950 95 1002 127 24.

1423 100 1475 138 45

73 197 298 238 Academiae
320 196 562 248 gymnasium
582 196 724 243 ferens,
753 196 874 247 pediti
894 196 1093 248 equitique
1116 197 1289 238 hostium
1310 199 1475 240 liberum

74 254 242 306 spatium
270 253 483 305 praeberet.
524 265 568 291 eo
597 252 717 291 limite
738 253 993 291 Athenienses
1022 266 1113 291 cum
1143 254 1258 293 Attali
1285 257 1475 306 praesidio

52 353 54 356 .
74 316 112 349 et
133 311 291 349 cohorte
312 309 487 359 Dioxippi
508 308 586 347 acie
607 309 708 347 intra
729 314 883 359 portam
904 308 1092 348 instructa
1113 310 1219 360 signa
1240 312 1474 352 extulerunt.

73 366 176 418 quod
199 366 265 404 ubi
286 365 485 416 Philippus
511 364 614 411 vidit,
642 365 783 403 hahere
811 378 852 404 se
879 365 1001 403 hostis
1029 365 1068 403 in
1094 371 1285 416 potestate
1312 374 1417 407 ratus
1438 374 1477 407 et

74 422 139 461 diu
161 427 291 472 optata
313 421 426 460 caede
447 442 501 447 ἐ
522 432 649 472 neque
669 421 774 459 enim
794 421 861 459 ulli
884 421 1117 459 Graecarum
1143 421 1353 462 civitatium
1375 425 1474 463 infe-

72 478 169 517 stior
188 483 271 516 erat
293 500 345 505 —
366 476 624 527 expleturum,
648 477 873 515 cohortatus
891 477 1045 523 milites,
1067 482 1111 515 ut
1128 490 1168 516 se
1185 478 1380 518 intuentes
1400 493 1476 531 pu-

11 550 12 553 *
72 539 234 586 gnarent
250 534 480 584 scirentque,
503 533 554 571 ibi
571 533 691 584 signa,
714 533 764 571 ibi
781 534 900 572 aciem
919 546 1004 572 esse
1021 533 1172 580 debere,
1195 534 1261 572 ubi
1277 547 1343 573 rex
1359 542 1473 583 esset,

11 592 12 595 ’
72 590 238 629 concitat
255 602 366 629 ecum
383 601 462 628 non
478 589 534 628 ira
549 594 713 636 tantum,
727 590 794 628 sed
807 590 922 628 etiam
932 589 1049 640 gloria
1066 590 1199 636 elatus,
1216 591 1318 640 quod
1330 591 1476 642 ingenti

11 683 12 689 ,
70 646 183 685 turba
205 645 405 697 completis
427 645 542 684 etiam
563 645 609 684 ad
629 646 894 697 spectaculum
915 645 1038 684 muris
1055 646 1226 697 conspici
1241 659 1282 684 se
1298 659 1474 698 pugnan—

10 700 12 734 ἶ
71 708 151 741 tem
180 702 375 753 egregium
404 701 580 740 ducebat.
630 702 870 753 aliquantum
900 707 987 740 ante
1016 702 1137 740 aciem
1166 715 1255 741 cum
1282 703 1476 754 equitibus

11 798 12 801 ,
71 758 202 810 paucis
224 763 378 797 evectus
399 757 438 796 in
454 758 602 796 medios
623 758 746 797 hostis
762 758 957 810 ingentem
975 770 1064 796 cum
1081 758 1160 797 suis
1178 759 1367 806 ardorem,
1389 764 1475 799 tum

72 827 253 866 pavorem
269 814 446 853 hostibus
462 814 604 853 iniecit.
633 815 821 866 plurimos
844 826 963 853 manu
981 826 1049 852 sua
1065 815 1283 854 comminus
1300 816 1475 855 eminus-

70 884 147 922 que
167 871 387 910 vulneratos
407 870 707 921 compulsosque
726 871 767 909 in
786 875 941 922 portam
958 875 1191 909 consecutus
1212 877 1250 910 et
1271 872 1364 923 ipse,
1385 885 1474 911 cum

72 927 263 966 maiorem
278 927 318 964 in
334 926 519 977 angustiis
535 927 810 977 trepidantium
827 927 1004 965 edidisset
1021 927 1191 972 caedem,
1209 927 1249 965 in
1264 929 1473 967 temerario

73 982 226 1033 incepto
242 986 371 1021 tutum
388 988 517 1020 tamen
532 987 732 1033 receptum
741 982 887 1028 habuit,
899 983 1000 1033 quia,
1019 982 1083 1032 qui
1099 982 1139 1020 in
1153 983 1325 1022 turribus
1342 989 1475 1035 portae

73 1043 193 1085 erant,
211 1037 453 1077 sustinebant
468 1038 555 1083 tela,
579 1050 628 1076 ne
645 1039 683 1076 in
698 1039 910 1089 permixtos
926 1038 1104 1077 hostibus
1126 1051 1216 1078 suos
1241 1041 1472 1079 conicerent.

72 1095 171 1132 intra
199 1105 332 1132 muros
361 1093 497 1131 deinde
525 1095 748 1133 tenentibus
778 1094 919 1132 milites
945 1094 1245 1133 Atheniensibus
1268 1095 1473 1147 'Philippus

10 1162 12 1182 :
70 1150 179 1200 signo
209 1150 381 1200 receptui
408 1149 497 1188 dato
525 1157 648 1189 castra
677 1150 721 1188 ad
744 1150 979 1201 Cynosarges
1007 1151 1269 1200 —templum
1298 1152 1474 1190 Herculis

10 1253 12 1259 Ι
70 1205 390 1257 gymnasiumque
424 1210 463 1243 et
497 1205 606 1244 lucus
643 1211 724 1245 erat
759 1206 1030 1245 circumiectus
1065 1229 1121 1233 ——
1154 1207 1296 1257 posuit.
1338 1208 1405 1246 sed
1436 1212 1475 1246 et

10 1281 12 1316 j
71 1261 305 1313 Cynosarges
331 1267 370 1300 et
389 1261 549 1313 Lycium
576 1267 614 1300 ct
644 1262 830 1314 quidquid
851 1262 974 1301 sancti
995 1262 1196 1301 amoenive
1216 1263 1316 1302 circa
1335 1264 1473 1303 urbem

72 1385 102 1415 2.
118 1402 161 1406 ——
175 1383 280 1415 Acad.
292 1394 425 1426 ,ξς-911112,
439 1384 496 1415 das
510 1384 736 1416 beriihmteste

74 1428 231 1471 Gymnas.
252 1428 396 1469 Athens,
414 1429 578 1461 zwischen
596 1430 666 1461 dem
684 1430 736 1461 bei

72 1474 145 1505 dem
169 1474 313 1517 Dipylon
343 1474 567 1515 beginnenden
590 1475 736 1515 heiligen

11 1522 12 1535 ¹
73 1518 180 1559 wege
215 1519 279 1550 und
311 1519 382 1550 dem
412 1517 561 1551 Kolonos
590 1520 736 1562 Hippios,

73 1574 138 1595 von
161 1564 265 1594 hohen
290 1563 447 1595 Platanen
476 1564 680 1604 beschattet,
710 1575 735 1596 s.

75 1608 156 1639 Plin.
178 1608 216 1639 12
228 1633 236 1649 ,
255 1608 289 1647 1,
307 1609 345 1646 9;
370 1608 464 1639 Plato
481 1609 572 1640 hatte
590 1610 738 1640 daselbst

74 1653 215 1693 gelehrt.
231 1670 275 1675 —
292 1661 329 1683 eo
347 1652 461 1693 limet,
479 1653 521 1684 23
533 1677 541 1693 ,
559 1654 612 1693 37,
632 1655 666 1691 ὃς
684 1653 737 1695 26,

78 1698 111 1728 11
127 1722 136 1737 ,
156 1697 190 1727 11
213 1707 244 1728 ιι.
264 1696 321 1727 oft.
340 1715 383 1719 —
400 1697 513 1728 Attali
525 1709 600 1740 pr.,
628 1699 737 1729 wahr-

74 1741 256 1773 scheinlich
280 1752 342 1772 von
359 1741 416 1783 A.,
441 1753 466 1773 s.
490 1753 517 1773 c.
540 1743 595 1785 15,
620 1743 656 1784 8,
680 1754 737 1774 zu-

76 1786 321 1827 riickgelassen.

122 1831 192 1862 11-
204 1830 253 1861 13.
278 1831 459 1874 ecl-plemma,
477 1831 599 1863 darauf
612 1832 736 1864 miisste

74 1886 110 1907 se
126 1875 180 1906 bei
196 1876 318 1907 habere
336 1876 480 1918 bezogen
498 1877 562 1908 und
580 1888 620 1908 zu
637 1876 736 1908 caede

74 1921 213 1961 gedacht
226 1921 360 1952 werden
373 1923 531 1963 hostium,
549 1922 632 1953 doch
645 1923 735 1953 w'zire

74 1965 182 1996 dieses
208 1966 286 1997 sehr
310 1967 403 2005 hart,
434 1967 526 1998 viell.
549 1967 593 1998 ist
621 1967 735 1998 odium

74 2008 297 2050 ausgefallen,
322 2011 388 2051 vgl.
409 2013 446 2051 4,
464 2012 521 2053 32,
545 2012 598 2043 12;
623 2012 736 2043 odeum

76 2054 203 2097 (ζα-,υἱεῖς
223 2056 253 2094 7,
272 2056 331 2098 34),
351 2057 407 2087 14;
424 2058 552 2088 occasio
569 2057 736 2100 cupidita-

74 2100 119 2130 tis
141 2099 343 2142 eaeplendaeg
367 2102 425 2140 45,
450 2102 507 2143 34,
526 2103 564 2133 7:
589 2102 737 2145 eoepletis

12 2177 13 2180 ,
73 2144 219 2176 militum
237 2147 360 2176 animis
378 2157 407 2176 u.
426 2156 455 2177 a.
470 2165 513 2169 —
527 2158 562 2179 se
579 2149 650 2189 int„
668 2147 734 2188 vgl.

75 2189 105 2228 7,
125 2189 184 2228 33,
206 2190 255 2221 10.
273 2210 315 2212 —
333 2201 422 2222 conc.
440 2201 503 2233 θα,
523 2202 549 2223 s.
569 2192 604 2234 3,
622 2193 680 2234 61,
699 2193 734 2223 9:

71 2235 241 2265 concitant
273 2246 375 2277 equos
405 2238 672 2279 permittuntque
702 2239 735 2268 in

74 2279 219 2317 hostem3
246 2280 281 2321 S,
300 2281 336 2319 7,
354 2281 384 2311 9.
404 2299 446 2303 —
460 2281 590 2323 gloria,
612 2281 737 2313 Ruhm-

74 2324 168 2355 sucht
187 2325 266 2355 oder
283 2324 470 2367 Prafflerei,
496 2327 532 2367 2,
551 2326 587 2365 6,
606 2327 641 2368 8,
668 2327 735 2368 vgl.

74 2367 188 2400 Horat.
203 2368 310 2401 Carni.
326 2371 355 2411 3,
371 2371 400 2407 2,
416 2371 448 2402 ss.
462 2390 505 2393 —ss
519 2373 632 2411 etiam,
648 2372 737 2403 nicht

74 2413 173 2444 allein
192 2425 263 2446 zum
278 2413 423 2457 Hampfe.
439 2434 481 2438 —
493 2416 540 2448 ad
550 2419 664 2459 spect„
681 2418 736 2457 21,

76 2458 128 2499 42,
149 2459 177 2490 1.

122 2503 250 2536 14-16.
275 2507 307 2535 et
330 2506 418 2547 ipse,
452 2506 535 2537 auch
557 2516 595 2537 er
625 2516 734 2547 sogar,

810 1385 897 1416 nicht
911 1385 1011 1416 allein
1026 1385 1080 1416 die
1094 1384 1290 1427 Verfolgten
1306 1387 1370 1418 und
1383 1388 1473 1418 scine

810 1430 992 1471 Begleiter,
1017 1430 1122 1471 drang
1144 1431 1194 1462 bis
1219 1441 1258 1462 an
1282 1432 1340 1463 das
1364 1432 1472 1471 Th0r3

810 1486 834 1506 s.
855 1486 881 1506 c.
901 1475 954 1514 21,
977 1475 1033 1514 143
1053 1475 1105 1516 23,
1128 1476 1178 1515 19,
1192 1476 1223 1507 4.
1237 1494 1278 1499 —
1293 1478 1326 1507 z'n
1343 1479 1474 1520 temer„

810 1520 999 1559 concessiv‚
1018 1530 1043 1551 s.
1066 1520 1099 1559 1,
1121 1520 1172 1560 17,
1191 1520 1228 1558 33
1247 1521 1291 1552 ib.
1310 1521 1363 1563 23,
1382 1522 1411 1553 8.
1430 1540 1475 1546 —

809 1566 987 1605 turribus„
1006 1565 1108 1596 neben
1128 1565 1188 1596 den
1203 1565 1335 1598 Thoren
1349 1576 1474 1607 waren,

810 1620 863 1640 um
887 1610 933 1640 sie
957 1620 995 1640 zu
1021 1609 1220 1651 befestigen‚
1250 1611 1284 1642 in
1312 1612 1372 1643 der
1396 1623 1474 1643 vor-

811 1654 1029 1695 springenden
1054 1654 1170 1686 Mauer
1193 1656 1367 1687 bisweilen
1391 1657 1475 1688 noch

811 1699 954 1730 Thiirme
969 1699 1141 1738 angebaut.
1169 1699 1211 1730 lm
1226 1699 1319 1741 Folg.
1335 1701 1380 1732 ist
1394 1711 1474 1743 per-

809 1745 942 1775 mioetus
959 1743 1017 1775 der
1035 1744 1271 1786 Hauptbegriff.

858 1788 990 1820 17-18.
1017 1788 1203 1831 Cynosarg.
1224 1790 1304 1821 nahe
1323 1800 1385 1821 vor
1402 1791 1474 1821 dem

809 1832 919 1864 Thore
937 1832 1084 1865 Diomeia
1108 1844 1147 1865 an
1171 1835 1231 1865 der
1249 1835 1396 1866 Ostseite
1414 1836 1474 1867 der

810 1877 915 1919 Stadt,
933 1887 983 1908 am
1003 1878 1106 1909 Fusse
1124 1879 1180 1910 des
1198 1878 1416 1922 Lykabettus.
1432 1898 1475 1903 —

808 1921 952 1964 Lycium
982 1934 1044 1954 vor
1075 1924 1146 1954 dein
1171 1923 1279 1956 Thore
1309 1925 1366 1956 des
1397 1925 1476 1956 Dio—

808 1968 944 2007 chares,
974 1968 1137 1999 zwischen
1167 1969 1238 2000 dem
1263 1969 1474 2013 Cynosarges

808 2023 838 2043 u.
865 2013 936 2043 dem
956 2011 1090 2053 llissus,
1115 2014 1166 2045 ein
1190 2014 1333 2054 heiliger
1355 2015 1473 2047 Bezirk

808 2058 865 2088 des
885 2058 1003 2099 Apollo
1022 2058 1163 2101 Lycius,
1182 2070 1247 2090 von
1264 2059 1474 2099 Pisistratus,

809 2102 971 2144 Pericles,
1001 2103 1177 2146 Lycurgus
1208 2104 1265 2136 mit
1297 2103 1474 2136 Gebiiuden

809 2147 872 2178 und
902 2147 1219 2190 Baumpllanzungen
1248 2150 1473 2190 geschmfickt,

809 2193 868 2224 der
886 2194 1113 2233 gewijhnliche
1131 2194 1225 2225 Platz
1243 2194 1298 2225 fiir
1316 2194 1474 2225 militari-

810 2238 886 2268 sche
916 2237 1112 2279 Ucbungen3
1150 2239 1351 2270 Aristoteles
1380 2240 1472 2271 hatte

808 2283 881 2313 hier
897 2284 1045 2324 gelehrt3
1072 2295 1097 2315 s.
1118 2282 1270 2325 Gffittling
1287 2294 1315 2315 a.
1336 2294 1364 2314 a.
1385 2284 1422 2315 O.
1443 2284 1474 2324 2,

813 2327 892 2362 156;
919 2328 1056 2359 Bursian
1074 2328 1149 2360 321.
1170 2347 1213 2351 —
1231 2329 1292 2359 sed
1306 2328 1474 2361 bestimmt

808 2372 865 2403 das
885 2373 1048 2414 Vorherg.
1068 2383 1231 2414 genauer3
1257 2374 1347 2405 nicht
1372 2374 1471 2405 allein

809 2417 926 2458 schlug
950 2429 986 2449 er
1009 2419 1079 2449 sein
1100 2418 1208 2458 Lager
1238 2418 1278 2449 iin
1299 2418 1380 2461 Cyn.
1405 2418 1472 2459 auf,

807 2463 949 2494 sondern
968 2464 1060 2494 Alles
1078 2464 1191 2493 wurde
1215 2464 1410 2495 verwiistet.
1430 2481 1472 2487 —-

807 2509 932 2548 sancti,
958 2508 1153 2539 aussorhalb
1170 2508 1230 2538 der
1248 2507 1384 2541 Mauern
1403 2518 1472 2540 wa—

1506 208 1547 240 10

1507 375 1545 406 11

1506 542 1546 574 12

1508 599 1548 632 13

1508 711 1548 742 14

1507 824 1546 855 15

1508 992 1546 1024 16

1506 1103 1545 1134 17

1506 1214 1546 1248 18
