1715 2723
207 69 287 112 186

646 68 772 101 LIBER
797 69 976 103 XXXVII.
1009 69 1101 103 CAP.
1130 72 1180 105 17.

1469 78 1495 96 a.
1514 79 1543 97 u.
1562 71 1628 99 564.

165 185 185 217 3
204 172 342 212 urbem
373 172 513 211 statuit.
557 171 728 210 Miletum
759 177 795 210 et
825 177 992 211 ceteram
1015 185 1122 212 oram
1149 174 1347 213 sociorum
1373 176 1625 226 praetervecti

201 230 242 268 in
265 228 514 279 Bargylietico
545 227 633 266 sinu
664 228 931 267 escensionem
950 229 997 267 ad
1017 229 1147 268 Iasum
1167 231 1355 270 iecerunt.
1400 231 1537 270 urbem
1558 244 1624 271 re-

203 286 309 336 gium
335 283 489 323 tenebat
511 283 768 334 praesidium,
798 297 935 336 agrum
966 285 1065 324 circa
1085 286 1253 325 Romani
1281 287 1468 327 hostiliter
1498 288 1623 339 depo-

163 349 185 380 4
202 341 320 392 pulati
340 345 442 379 sunt.
485 340 613 379 missis
637 341 786 388 deinde,
808 341 875 392 qui
896 354 966 393 per
988 342 1180 393 colloquia
1199 343 1421 394 principum
1444 350 1480 383 et
1501 345 1623 396 magi·-

201 403 393 436 stratuum
434 402 666 448 temptarent
691 397 864 441 animos,

908 404 1115 449 postquam
1145 399 1239 437 nihil
1265 399 1307 438 in
1337 406 1523 450 potestate
1553 414 1623 440 sua

161 461 182 492 5
201 453 491 504 responderunt
520 465 615 502 esse,
645 453 691 492 ad
724 454 860 493 urbem
884 455 1185 506 oppugnandam
1206 455 1321 495 ducit.
1362 463 1470 496 erant
1488 457 1622 496 Iasen-

201 511 303 549 sium
335 510 467 548 exules
498 521 587 548 cum
607 510 814 558 Romanis;
842 511 868 549 ii
900 513 1122 562 frequentes
1143 512 1319 551 Rhodios
1342 525 1451 552 orare
1470 513 1622 553 instite—'ss

200 572 305 613 runt,
334 579 383 605 ne
416 566 553 604 urbem
585 572 622 605 et
641 567 806 606 vicinam
829 567 901 606 sibi
922 574 959 607 et
978 574 1179 619 cognatam
1195 568 1395 607 innoxiam
1419 569 1546 620 perire
1567 570 1622 609 si-

201 629 359 670 nerent3
390 622 462 661 sibi
485 622 585 661 exilii
604 624 749 662 nullam
770 624 881 663 aliani
896 636 1051 663 causam
1075 637 1159 663 esse
1174 637 1289 676 quam
1306 625 1422 664 fidem
1436 638 1526 677 erga
1538 627 1621 665 Ro-

160 687 180 718 6
202 692 359 726 manos3
387 679 522 718 eadem
543 679 580 718 vi
599 680 808 730 regiorum,
832 693 907 731 qua
931 681 1005 731 ipsi
1024 682 1126 732 pulsi
1147 682 1233 728 sint,
1255 682 1378 720 teneri
1394 694 1473 730 eos,
1493 682 1561 733 qui
1580 683 1622 722 in

200 736 297 775 urbe
317 741 517 783 maneant3
550 737 728 775 omnium
748 737 960 775 Iasensium
981 750 1101 776 unam
1124 744 1292 777 mentem
1314 751 1409 785 esse,
1433 744 1476 777 ut
1496 739 1621 778 servi-

161 800 179 831 7
200 798 321 832 tutem
351 793 495 843 regiam
526 793 751 843 effugerent.

804 793 944 831 Rhodii
975 795 1068 832 moti
1100 794 1280 844 precibus
1301 795 1476 834 Eumene
1508 796 1621 835 etiam

198 862 287 900 rege
315 849 521 899 adsumpto
543 849 659 888 simul
679 861 768 887 suas
788 850 1093 889 necessitudines
1115 851 1474 898 commemorando,
1505 852 1622 890 simul

200 905 379 944 obsessae
407 905 512 956 regio
543 905 734 955 praesidio
759 905 866 944 urbis
889 918 1021 944 casum
1045 906 1265 945 miserando
1289 907 1548 957 pervicerunt,
1579 914 1622 947 ut

159 972 179 1004 8
199 962 486 1012 oppugnatione
525 961 785 1000 absisteretur.

845 963 1010 1013 profecti
1048 963 1138 1001 inde
1177 963 1318 1014 pacatis
1362 964 1497 1003 ceteris
1529 976 1621 1003 cum

199 1030 308 1056 oram
332 1018 443 1057 Asiae
461 1018 643 1068 legerent,
668 1018 838 1069 Loryma
861 1042 914 1045 —
937 1025 1073 1069 portus
1094 1019 1280 1067 adversus
1292 1020 1476 1059 Rhodum
1498 1027 1620 1060 est—

159 1090 178 1121 9
197 1079 472 1125 pervenerunt.
520 1074 573 1113 ibi
602 1075 641 1113 in
672 1075 870 1125 principiis
897 1088 1025 1114 sermo
1047 1076 1173 1126 primo
1195 1077 1295 1114 inter
1314 1076 1494 1116 tribunos
1518 1077 1620 1116 mili-

198 1137 281 1170 tum
302 1136 473 1170 secretus
494 1131 629 1178 oritur,
661 1132 799 1170 deinde
820 1131 867 1170 ad
889 1144 1002 1171 aures
1024 1132 1147 1183 ipsius
1169 1132 1319 1171 Aemilii
1339 1133 1526 1184 pervenit,
1549 1133 1619 1172 ab-

197 1188 286 1227 duci
316 1188 477 1226 classem
503 1188 549 1226 ab
571 1188 738 1239 Epheso,
768 1187 814 1227 ab
845 1201 917 1227 suo
947 1188 1057 1235 bello,
1089 1196 1130 1227 ut
1151 1189 1197 1227 ab
1220 1195 1327 1240 tergo
1347 1189 1444 1228 liber
1463 1190 1620 1230 relictus

196 1311 355 1354 λιητικῷ
382 1329 425 1332 -
450 1322 573 1349 escem,
598 1312 652 1349 27,
679 1312 733 1350 29,
770 1313 798 1343 7.
827 1329 871 1333 ——

195 1359 239 1389 ad
260 1358 344 1398 Ias„
371 1355 490 1387 St1ab0
519 1357 578 1396 14,
605 1358 636 1395 2,
666 1356 706 1389 21
732 1357 870 1397 1›.658:

194 1399 308 1439 Ιασὸς
342 1401 405 1435 ἐπὶ
431 1398 528 1445 Ἰήσι)
556 1382 673 1434 {efron
699 1412 871 1447 προσκει-

212 1450 287 1524 teb‘mq
314 1448 357 1493 τῆ
384 1445 644 1494 ›Jn61991,was
669 1448 782 1479 weder
806 1446 871 1478 Po-

209 1493 253 1535 fib
257 1518 263 1524 .
289 1494 373 1524 noch
399 1493 434 1525 L.
459 1494 623 1524 andeutet.
644 1510 687 1515 —
707 1496 791 1525 circa
816 1497 870 1524 at-

194 1538 357 1581 tributiv3
396 1540 432 1580 1,
459 1540 520 1578 39,
549 1540 578 1571 3.
601 1555 644 1560 -
671 1540 818 1580 hastilia.⁷
844 1548 870 1570 6

199 1586 256 1621 18,
294 1586 330 1623 3;
368 1585 430 1623 21,
469 1586 499 1617 ’7.
524 1602 569 1606 -
593 1585 697 1616 missis
736 1583 780 1615 ist
805 1564 872 1615 x⁷vol

194 1629 260 1661 abl.
285 1630 373 1671 abs,
407 1629 498 1660 nicht
526 1628 647 1669 Dativ,
673 1629 736 1661 wie
762 1639 787 1661 c.
819 1631 869 1669 12,

194 1677 224 1708 3.
251 1693 294 1698 ---
319 1677 353 1707 in
372 1681 437 1714 pot.
464 1686 490 1706 8.
516 1686 551 1715 e.,
576 1676 630 1715 36,
653 1676 706 1712 27,
733 1676 762 1708 8.

240 1723 338 1754 5—7.
366 1723 394 1751 ἐκ·
414 1720 488 1761 (nur
502 1720 553 1752 die
568 1719 763 1751 Mz.Hs.hat
773 1718 871 1751 dafiir

192 1766 248 1804 ibi)
277 1767 367 1797 wiire
392 1765 484 1797 nicht
510 1766 674 1797 durchaus
695 1766 871 1797 nothwen-

195 1811 299 1853 dig,s

194 1876 237 1880 —-
254 1859 324 1897 szbi,
350 1857 564 1889 verschieden
590 1867 629 1887 zu
647 1857 815 1897 beziehen,
844 1868 869 1888 5.

194 1904 253 1943 36,
293 1904 354 1943 25,
380 1905 411 1936 6
442 1923 482 1928 -—-
510 1909 651 1944 coquat,
677 1902 745 1934 Pol.
774 1902 794 1933 l.
825 1902 868 1934 l:

191 1958 306 2001 ευχοῖ
309 1961 366 1981 ται
408 1948 448 1981 δὲ
488 1945 530 1981 τὸ
571 1947 643 1996 μὲι
686 1945 870 1981 αιέκαθεν

191 1991 277 2040 ’Λιη
281 1997 365 2026 είωπ
393 1989 545 2026 ἄποικοι
571 1999 684 2033 eiam,-
713 1994 798 2025 auch
817 1993 869 2025 (116

193 2026 338 2071 Rhodier
378 2048 488 2070 waren
530 2038 655 2070 Dorier.
689 2057 733 2061 ——
760 2042 870 2079 peme

191 2087 268 2126 sm,
295 2085 346 2116 die
371 2084 509 2116 meisten
533 2084 603 2116 Hss.
628 2084 735 2116 haben
746 2087 869 2124 petiisse

193 2132 307 2169 laceret,
333 2130 423 2162 viell.
451 2130 539 2161 hiess
557 2139 590 2161 65
604 2134 726 2168 perisse
745 2133 867 2170 vellent,

192 2186 217 2207 s.
245 2177 298 2211 32.
325 2177 378 2216 21,
405 2177 447 2208 32
472 2186 502 2206 u.
528 2185 556 2206 a.
583 2178 738 2215 —fldem
763 2187 788 2208 e.
814 2178 867 2215 R,

193 2231 258 2251 von
276 2221 379 2252 denen
396 2221 443 2252 516
459 2219 579 2252 besreit
595 2221 729 2252 worden
740 2231 864 2259 waren,

194 2268 253 2307 33,
298 2268 359 2306 30,
404 2268 439 2308 3,
477 2265 593 2308 Polyb.
634 2267 692 2306 18,
729 2267 765 2305 S,
811 2269 865 2299 44.

194 2330 233 2334 —
262 2318 393 2344 mentem
417 2317 469 2352 ut,
499 2313 551 2345 35.
584 2315 613 2351 2,
642 2313 671 2349 7,
700 2312 766 2352 vgl.
794 2323 865 2344 oon-

192 2359 299 2389 sz'lium
323 2364 358 2389 ut
387 2359 448 2396 25,
483 2358 544 2396 34,
573 2359 601 2389 7.
628 2375 671 2379 -
694 2359 867 2398 effuyerem

190 2402 345 2434 schliesst
370 2403 430 2434 (1611
452 2402 579 2435 Willen
600 2402 663 2441 ein,
688 2413 712 2434 s.
731 2404 784 2439 35,
812 2405 865 2435 45.

192 2450 230 2488 43
257 2450 310 2489 23,
341 2449 390 2488 19,
419 2451 457 2488 ’7,
484 2450 537 2487 25,
565 2449 782 2489 33,11u.a.,
809 2448 866 2479 das

192 2493 331 2535 imperf„
357 2493 420 2525 wie
446 2494 567 2525 vorher
589 2496 737 2535 sinerent,
764 2493 865 2525 neben

336 1813 389 1851 23,
417 1813 470 1851 22,
503 1814 539 1853 53
567 1813 618 1851 10,
650 1812 730 1852 1,9.
750 1813 873 1844 ——sz'bz'

942 1311 1214 1353 denpraesentia,
1241 1322 1265 1343 s.
1292 1314 1318 1352 1,
1336 1314 1389 1352 51,
1415 1315 1454 1352 43
1480 1315 1534 1353 45,
1563 1312 1615 1354 15,

940 1359 979 1399 43
1005 1358 1058 1396 28,
1086 1358 1139 1398 31,
1168 1359 1188 1390 4
1212 1368 1242 1388 11.
1272 1367 1300 1389 a.
1322 1375 1365 1379 -—
1382 1360 1530 1399 obsessae,
1554 1358 1616 1390 be-

939 1406 1026 1433 setzt
1050 1402 1217 1442 gehalten.
1243 1404 1297 1442 44,
1324 1405 1378 1443 35,
1407 1405 1465 1436 11:
1495 1407 1617 1436 loca—

934 1450 1108 1487 praesidiis
1132 1450 1228 1489 reqiis
1245 1450 1389 1488 obsideri,
1417 1450 1470 1491 31,
1497 1451 1550 1492 28,
1577 1452 1614 1490 5;

942 1498 972 1533 3,
1000 1495 1053 1533 50,
1085 1495 1135 1526 15.

987 1540 1107 1572 8—10.
1127 1542 1253 1578 pacatis
1277 1551 1318 1579 o.,
1355 1539 1396 1570 da
1424 1549 1538 1570 ausser
1560 1538 1616 1570 Ia-

939 1594 993 1615 sus
1018 1584 1085 1615 alle
1102 1602 1146 1606 —
1163 1594 1288 1624 waren,
1320 1593 1354 1615 es
1381 1584 1454 1615 sind
1473 1584 1616 1616 Bundes-

940 1639 1099 1670 genossen
1117 1629 1174 1661 der
1194 1628 1323 1669 Rijmer,
1342 1628 1362 1670 ξ
1384 1631 1421 1662 3:
1446 1632 1613 1670 sociorum,

941 1674 962 1715 ξ
988 1678 1018 1707 9.
1044 1693 1085 1697 -
1114 1677 1275 1715 Loryma,
1300 1675 1368 1716 vgl.
1396 1677 1458 1716 45,
1492 1677 1550 1716 10,
1574 1677 1614 1712 4;

939 1722 1081 1760 Loryma
1100 1738 1142 1743 —
1158 1728 1274 1760 portus
1297 1723 1414 1763 viyintz'
1424 1723 1524 1760 paulo
1549 1732 1615 1753 am-

933 1768 1022 1805 plius
1046 1768 1135 1798 milia
1160 1768 1198 1798 ab
1215 1769 1325 1799 Rhodo
1351 1769 1443 1808 abest,
1466 1769 1615 1799 exadver-

939 1823 972 1843 so
996 1813 1072 1843 urbi
1095 1813 1159 1851 ipsi
1174 1814 1298 1851 positus
1333 1811 1408 1854 (auf
1438 1812 1508 1844 dem
1534 1813 1614 1844 rho-

939 1857 1073 1888 dischen
1099 1857 1303 1895 Chersones).
1337 1876 1381 1880 —
1417 1859 1452 1889 in
1468 1860 1612 1898 princip.

938 1903 1093 1934 bedeutet
1121 1903 1289 1934 entweder
1324 1913 1402 1934 nur:
1440 1903 1493 1934 bei
1517 1902 1613 1935 ihren

938 1947 1289 1987 Zusammenkiinften,
1328 1949 1407 1980 oder
1445 1949 1520 1980 dass
1561 1949 1610 1980 516

937 1994 989 2025 ein
999 1993 1214 2035 Schiffslager
1227 1992 1480 2035 aufgeschlagen
1493 1993 1612 2035 haben,

937 2039 1002 2080 vgl.
1018 2041 1071 2079 36,
1091 2041 1145 2081 45,
1167 2040 1203 2079 83
1223 2041 1276 2081 29,
1292 2041 1346 2080 25,
1364 2042 1400 2079 73
1425 2038 1503 2071 Tac.
1525 2038 1560 2071 H.
1579 2041 1611 2081 3,

941 2086 998 2117 12:
1039 2092 1073 2117 ut
1106 2103 1146 2108 --
1180 2087 1214 2116 in
1238 2087 1407 2125 principia
1441 2086 1611 2126 defectores

936 2133 1055 2162 coirent
1064 2142 1077 2170 ;
1093 2134 1185 2162 sonst
1204 2131 1339 2162 werden
1356 2130 1407 2162 die
1423 2129 1612 2172 Gesprtiehe

937 2176 994 2207 der
1031 2176 1242 2207 Soldaten
1283 2174 1343 2207 auf
1365 2176 1427 2208 den
1446 2178 1612 2215 principia

937 2222 1110 2261 erwiihnt,
1137 2232 1162 2253 5.
1192 2223 1222 2263 7,
1253 2223 1304 2260 12,
1334 2223 1392 2260 14;
1418 2222 1472 2260 28,
1499 2223 1553 2261 25,
1581 2223 1611 2254 5.

936 2284 980 2289 --
1003 2269 1074 2299 trib.
1105 2269 1190 2307 mih,
1230 2267 1356 2299 welche
1381 2266 1432 2298 die
1456 2266 1610 2298 Flotten-

935 2312 1086 2344 soldaten
1112 2312 1362 2353 commandit-en,
1389 2322 1415 2343 c.
1442 2313 1496 2351 29,
1524 2313 1610 2344 3.-

935 2369 992 2389 suo
1036 2360 1082 2392 b..
1129 2358 1189 2389 den
1226 2358 1324 2389 ihnen
1357 2357 1609 2398 angewiesenen

936 2402 1033 2435 Theil
1057 2404 1114 2435 der
1131 2401 1390 2444 Hriegffihrung,
1416 2402 1482 2443 vgl.
1508 2412 1535 2434 c,
1553 2404 1608 2443 26,

941 2450 998 2481 13:
1023 2451 1060 2480 ab
1084 2461 1143 2480 sua
1162 2455 1256 2488 parte
1272 2450 1352 2485 belli,
1378 2448 1450 2480 dem
1466 2446 1608 2479 Einssuss

938 2494 996 2525 der
1028 2493 1172 2526 Rhodier
1206 2493 1393 2534 gegcniiber
1422 2493 1507 2524 wird
1534 2492 1609 2525 hier
