1715 2723
158 304 177 335 8

158 472 178 503 9

137 694 178 727 10

137 864 173 895 11

137 1087 177 1119 12

138 1200 179 1232 13

206 139 288 180 228
664 135 788 168 LIBER
804 136 962 169 XXXIII.
989 135 1083 168 CAP.
1101 135 1155 168 28.

1465 153 1490 170 a.
1507 153 1533 170 u.
1549 146 1611 171 558.

206 241 429 280 contionem
452 250 690 290 progressus,
713 250 839 277 errare
860 239 912 277 ait
931 237 1123 284 homines,
1145 238 1212 289 qui
1231 242 1311 277 tam
1330 244 1503 279 atrocem
1525 253 1613 280 cae-

207 297 295 334 dem
316 296 509 347 pertinere
530 295 576 333 ad
591 295 679 333 illos
695 294 897 332 semiviros
913 294 1126 340 crederent,
1150 294 1348 345 multaque
1363 296 1404 334 in
1419 309 1503 335 eam
1520 309 1611 348 par-

207 357 287 391 tem
309 351 556 403 probabiliter
576 354 870 401 argumentatus
899 357 962 396 est,
992 350 1131 400 quibus
1159 351 1276 389 fidem
1298 352 1399 402 apud
1422 353 1612 402 quosdam

206 408 297 447 fecit
317 420 546 459 numquam,
567 407 600 445 si
620 407 691 445 sibi
713 406 889 445 conscius
911 411 1031 451 esset,
1058 406 1279 445 oblaturum
1311 420 1352 445 se
1374 408 1615 447 multitudini

208 464 495 503 mentionemve
520 463 603 501 eius
634 463 759 501 caedis
789 462 895 500 nullo
919 462 1131 501 lacessente
1158 463 1352 501 facturum
1380 464 1519 512 fuisse3
1551 463 1616 503 alii

207 532 287 560 non
307 520 480 559 dubitare
501 519 733 570 inpudenter
745 518 896 556 obviam
911 518 1060 558 crimini
1078 519 1206 557 eundo
1224 519 1486 571 suspicionem
1502 533 1615 559 aver-

207 577 249 616 ti.
289 576 381 616 torti
408 580 495 628 post
514 576 628 627 paulo
656 575 847 621 insontes,
885 587 974 614 cum
1003 575 1147 614 scirent
1181 575 1254 626 ipsi
1280 575 1394 622 nihil,
1432 576 1614 627 opinione

208 633 385 672 omnium
413 644 484 683 pro
520 631 659 670 indicio
695 631 937 682 Zeuxippum
959 636 998 670 et
1032 631 1278 670 Pisistratum
1314 632 1615 671 nominaverunt

207 689 311 728 nullo
339 689 505 734 adiecto,
536 700 604 726 cur
625 687 721 726 scire
743 687 950 739 quicquam
971 688 1208 734 viderentur,
1231 693 1472 739 argumento.
1513 688 1616 728 Zeu-

207 746 345 797 xippus
366 750 498 783 tamen
520 756 607 782 cum
632 744 852 783 Stratonida
874 745 1043 795 quodam
1066 749 1179 783 nocte
1200 744 1367 796 perfugit
1385 745 1615 796 Tanagram,

208 814 319 841 suam
341 801 461 852 magis
494 799 770 838 conscientiam
800 812 917 851 quam
945 800 1130 839 indicium
1156 800 1362 839 hominum
1390 800 1532 839 nullius
1559 801 1617 840 rei

207 857 453 896 consciorum
474 861 671 902 metuens3
702 855 927 894 Pisistratus
955 857 1095 907 spretis
1122 856 1311 895 indicibus
1332 856 1474 894 Thebis
1503 869 1618 895 man-

208 914 268 952 sit.
309 925 443 952 servus
468 916 550 950 erat
578 911 784 962 Zeuxippi,
820 913 940 951 totius
969 912 1233 950 internuntius
1262 917 1299 950 et
1334 913 1512 951 minister
1545 913 1612 959 rei,

207 982 323 1020 quem
346 968 513 1007 indicem
536 968 759 1006 Pisistratus
776 968 919 1007 timens
937 982 982 1007 eo
999 968 1083 1019 ipso
1101 968 1241 1007 timore
1257 969 1303 1008 ad
1320 968 1505 1008 indicium
1521 981 1616 1020 pro-

206 1025 335 1064 traxit.
376 1025 522 1063 litteras
544 1024 590 1062 ad
613 1024 853 1075 Zeuxippum
876 1025 1012 1072 mittit,
1036 1030 1078 1063 ut
1098 1037 1254 1063 servum
1280 1025 1479 1063 conscium
1500 1025 1615 1064 tolle-

206 1087 282 1121 ret:
305 1093 385 1120 non
405 1086 486 1120 tam
507 1080 693 1119 idoneum
709 1081 755 1119 ad
772 1081 971 1120 celandam
987 1094 1072 1120 rem
1089 1094 1179 1119 eum
1196 1081 1315 1120 videri
1330 1081 1416 1128 sihi,
1435 1094 1551 1132 quam
1568 1081 1617 1120 ad

207 1138 394 1189 agendam
420 1137 549 1176 fuerit.
596 1137 666 1175 has
696 1136 760 1187 qui
789 1138 930 1177 tulerat
963 1138 1109 1176 litteras
1136 1137 1264 1176 iussus
1299 1137 1495 1188 Zeuxippo
1525 1138 1618 1176 dare

208 1207 325 1245 quam
346 1194 531 1245 primum,
553 1193 642 1243 quia
664 1204 743 1231 non
764 1194 896 1232 statim
918 1193 1170 1233 conveniendi
1193 1193 1274 1231 eius
1305 1193 1416 1245 copia
1441 1193 1534 1240 fuit,
1563 1193 1617 1232 illi

206 1250 278 1302 ipsi
299 1263 424 1296 servo,
448 1262 564 1301 quem
587 1262 633 1287 ex
655 1249 834 1289 omnibus
856 1250 1014 1289 domino
1031 1249 1264 1288 fidissimum
1286 1250 1477 1295 credebat,
1499 1249 1617 1288 tradit

209 1383 407 1414 schwerlich
420 1383 464 1414 ist
473 1394 534 1424 qne
549 1383 581 1414 in
591 1383 762 1424 multaque
771 1382 875 1414 freier

209 1428 272 1459 wie
290 1428 355 1459 Cic.
374 1428 444 1459 Fin.
462 1429 491 1468 5,
511 1428 563 1469 22,
581 1428 641 1467 643
660 1428 760 1469 Legg.
780 1429 807 1467 1,
826 1428 875 1470 11,

209 1474 270 1511 31;
296 1473 374 1504 Tae.
393 1473 476 1504 Ann.
500 1473 554 1515 13,
572 1474 608 1514 7,
632 1473 700 1513 vgl.
725 1484 766 1504 zu
789 1472 826 1503 L.
846 1473 875 1514 2,

209 1519 246 1558 4,
266 1519 301 1555 5,
325 1517 384 1549 auf
402 1521 435 1549 et
457 1529 498 1549 zu
522 1518 689 1549 beziehen.
707 1536 751 1540 -—
774 1517 876 1559 fidem.

207 1574 262 1605 ap.
289 1573 341 1604 qu.
364 1563 444 1604 secu,
474 1574 501 1593 c.
527 1564 585 1601 31,
615 1564 645 1593 9.
675 1581 718 1584 —
746 1564 876 1594 obviam

208 1618 255 1640 cr.
274 1607 386 1649 eund,
409 1608 615 1648 gewiihnlieh
638 1608 723 1639 wird
747 1609 875 1639 obviam

209 1664 275 1685 von
292 1654 342 1685 ire
360 1652 450 1683 nieht
467 1657 633 1692 getrennt,
653 1664 678 1683 c.
697 1654 749 1691 20,
769 1653 825 1691 103
846 1654 876 1692 9,

210 1698 262 1740 26,
280 1698 333 1729 18:

351 1708 404 1728 me
416 1698 544 1729 obviam
559 1699 610 1729 ire
623 1699 759 1729 crimini
767 1709 773 1735 ς
789 1709 818 1729 u.
835 1708 877 1737 a.;

209 1744 294 1774 doch
311 1743 418 1773 finden
437 1743 506 1774 sich
523 1743 674 1774 'aihnliehe
692 1742 878 1774 Auseinan—

209 1788 459 1828 derstellungen
477 1789 558 1819 auch
573 1792 668 1819 sonst
685 1788 737 1819 bei
750 1788 878 1821 Livius.

256 1833 364 1864 9-10.
391 1834 545 1875 opinione
562 1843 605 1872 0.,
622 1834 705 1864 nach
722 1833 781 1864 der
800 1845 829 1865 u.
848 1844 874 1865 s.

212 1887 265 1917 w.,
279 1877 453 1908 dershlhen
468 1876 610 1917 folgend‚
625 1878 875 1918 vg1.Cic.Verr.

208 1922 246 1961 4,
264 1922 324 1961 29,
343 1923 400 1953 67;
425 1923 601 1964 affingere
616 1923 744 1964 aliquid
764 1926 877 1966 suspi-

208 1968 301 1998 cione
318 1968 502 1998 hominum.
522 1985 563 1989 —
581 1978 644 2010 pro
662 1968 760 1999 indic.
779 1988 801 1991 -
816 1979 876 1999 ηο-

207 2013 289 2043 min.
319 2012 410 2043 wiire
435 2012 497 2042 wie
522 2022 586 2054 pro
609 2015 802 2044 testimonio
825 2013 876 2044 dc-

209 2067 283 2088 eere
306 2067 346 2087 zu
371 2057 521 2088 nehmen:
547 2057 615 2098 bei,
641 2057 674 2088 in
698 2058 789 2089 ihrer
806 2058 875 2089 An-

210 2101 304 2142 zeige
323 2106 465 2132 nannten
483 2102 550 2139 sie,
574 2102 654 2132 doch
679 2102 779 2134 findet
803 2104 875 2134 sich

208 2151 303 2178 sonst
320 2146 521 2177 sehwe-rlich
542 2157 605 2188 pro
623 2146 744 2178 z'ndleio
763 2158 799 2179 so
817 2158 874 2188 ge—

208 2192 365 2230 braucht,
389 2191 593 2232 gewiihulich
610 2192 693 2222 wird
717 2195 773 2224 usi
794 2194 875 2223 nach

208 2236 330 2268 indicio
345 2240 786 2277 zugesetzt.*arg-immuto
800 2242 875 2276 ete„

210 2286 306 2313 sonst
324 2282 457 2313 werden
481 2282 584 2312 durch
607 2282 658 2312 die
676 2281 791 2313 Folter
815 2293 876 2314 nur

209 2326 508 2367 Zeugnisse,nicl1t
524 2326 657 2358 Griindc
670 2329 818 2367 gesur-ht.
833 2347 876 2350 —

210 2382 306 2402 selam
322 2383 363 2403 111.
379 2382 480 2408 cona,
498 2371 695 2403 absichtlich
709 2373 781 2403 111111
796 2371 874 2411 folg.

210 2426 362 2448 conse-101
364 2428 419 2448 11111
453 2396 769 2458 ehtgegengtstcllt,
809 2418 875 2469 vgl.

212 2461 484 2503 Polvb.ls,2l5,
507 2462 562 2493 13:
586 2462 706 2498 οὐδεὶς
723 2461 792 2505 μία)
813 2458 872 2493 οἱ-

211 2516 280 2540 τως
312 2502 394 2537 οὔτε
430 2505 571 2551 μάρτυς
608 2506 682 2538 ἔστι
716 2504 874 2559 ᾳοβὲρὸς

210 2545 294 2581 οὔτε
311 2548 424 2592 κατή)
427 2562 511 2596 ορος
529 2549 649 2588 δεινὸς
666 2549 712 2588 ὠς
728 2550 747 2593 ἡ
768 2549 873 2584 0132&-

949 1380 1041 1423 σιςὴ
1061 1382 1326 1424 {marm-amma
1349 1385 1430 1418 ταῖς
1451 1380 1616 1416 ἑκάστων

950 1430 1099 1469 ψυχαῖς.
1115 1446 1160 1450 —-
1177 1427 1276 1459 indie.
1294 1429 1381 1459 hom.
1397 1432 1472 1468 etc„
1490 1428 1542 1459 die
1559 1427 1579 1469 ξ
1595 1428 1615 1459 9

950 1473 1159 1511 erw'ahnten,
1184 1473 1275 1504 nicht
1297 1473 1357 1504 der
1378 1472 1498 1504 Sclave
1521 1472 1542 1514 ξ
1565 1473 1616 1513 14,

949 1519 1008 1549 der
1025 1522 1096 1549 erst
1114 1519 1258 1549 naehher
1274 1529 1346 1549 zum
1364 1518 1461 1549 index
1479 1518 1575 1549 wird.

997 1562 1127 1594 11-13.
1153 1573 1239 1595 serv.
1266 1565 1356 1604 erat,
1381 1574 1406 1594 s.
1426 1563 1484 1601 32,
1505 1563 1563 1602 22,
1582 1563 1614 1594 5.

950 1626 993 1629 —
1015 1609 1152 1648 timore,
1177 1609 1210 1639 in
1234 1608 1293 1639 der
1315 1608 1424 1639 Bamb.
1446 1607 1502 1639 Hs.
1527 1608 1618 1639 steht

950 1655 1072 1685 timore
1094 1663 1183 1692 rem,
1213 1653 1294 1684 doch
1319 1653 1447 1685 scheint
1470 1653 1530 1684 der
1558 1662 1617 1693 ge·-

949 1699 1064 1729 suchte
1089 1696 1278 1739 Gegensatz
1300 1709 1341 1729 zu
1363 1697 1515 1740 fordern,
1539 1698 1616 1729 dass

950 1743 1043 1774 beide
1057 1742 1242 1784 Priidicate,
1259 1742 1400 1774 indicem
1416 1745 1538 1774 timens
1550 1744 1616 1774 und

949 1788 995 1819 ad
1005 1787 1103 1819 indie.
1115 1790 1305 1831 protraoee't,
1320 1787 1449 1819 aufden
1463 1787 1616 1827 Solamen,

950 1844 1002 1864 11111
1031 1834 1092 1864 den
1122 1843 1157 1864 es
1187 1833 1255 1864 sich
1283 1833 1434 1872 handelt,
1468 1833 1616 1874 bezogen

950 1879 1101 1917 werden,
1120 1878 1184 1918 vgl.
1204 1879 1264 1917 44,
1282 1878 1343 1917 26,
1363 1879 1395 1909 1:
1411 1878 1615 1920 protrahere

949 1924 1139 1954 illinierunt:
1171 1933 1209 1954 cr
1238 1922 1416 1962 bewirkte,
1449 1923 1525 1954 dass
1555 1923 1616 1954 der

950 1967 1068 1999 Sclave
1093 1977 1151 1998 aus
1176 1968 1235 1998 der
1252 1967 1519 2008 Verborgenheit
1536 1968 1614 1999 1181·-

949 2017 1082 2043 vortrat
1105 2013 1170 2043 und
1188 2012 1334 2053 Anzeige
1358 2013 1495 2044 machte.
1530 2012 1614 2044 Dass

947 2057 1108 2088 indicium
1137 2057 1227 2088 nicht
1255 2057 1416 2089 iadt‘citme.
1448 2068 1488 2088 zu
1521 2057 1613 2089 lesen

948 2103 1006 2142 sei,
1025 2103 1113 2143 zeigt
1129 2101 1149 2144 ξ
1167 2103 1217 2141 14,
1236 2113 1287 2133 wo
1303 2107 1373 2134 crst
1389 2103 1422 2133 in
1435 2102 1538 2143 Folge
1555 2103 1615 2134 der

947 2147 1094 2188 Anzeige
1112 2148 1169 2179 (las
1188 2146 1326 2178 Gericht
1342 2147 1482 2189 eintritt,
1500 2148 1566 2187 vgl.
1583 2148 1614 2187 7,

949 2193 1001 2229 39,
1021 2194 1051 2224 ἴ).
1070 2211 1113 2215 -
1130 2193 1273 2232 tulerat,
1293 2193 1325 2224 in
1343 2192 1453 2233 Bezug
1470 2191 1615 2225 111111111-

949 2237 1033 2268 didit
1050 2253 1070 2263 =
1088 2239 1147 2279 qul
1160 2238 1299 2279 tulerat,
1326 2239 1393 2269 etse?
1407 2240 1522 2269 iussus
1539 2240 1615 2270 erat

949 2302 969 2305 —
986 2282 1067 2314 dure
1084 2302 1104 2305 —
1122 2283 1281 2321 tradidit,
1305 2283 1362 2314 das
1379 2282 1477 2323 ferre
1493 2292 1565 2314 war
1581 2282 1614 2313 in

950 2328 1060 2369 Bezug
1077 2326 1136 2359 aus
1150 2327 1294 2359 tradidit
1312 2328 1493 2359 vollendet.
1512 2345 1555 2349 ——
1571 2327 1615 2369 fi-

947 2373 1045 2414 diss„
1075 2373 1155 2404 nach
1180 2373 1296 2403 Donat.
1320 2372 1454 2404 Terent.
1479 2371 1612 2403 Phorm.

951 2419 985 2457 1,
1005 2419 1042 2457 2,
1062 2418 1118 2449 36:
1141 2417 1231 2459 fidus
1254 2420 1305 2449 est
1329 2419 1474 2455 amicus,
1502 2416 1613 2459 fidelis

946 2474 1081 2502 sem-us,
1099 2463 1198 2494 sollte
1215 2473 1286 2494 inan
1305 2462 1537 2503 fidelissimum
1556 2471 1613 2493 81·-

946 2512 1085 2545 warten,
1104 2518 1131 2538 s.
1150 2507 1279 2538 Cornel.
1300 2505 1411 2538 Theln.
1431 2508 1461 2547 4,
1480 2506 1510 2545 3,
1529 2507 1612 2538 doch
1632 2544 1637 2548 ι

946 2553 1029 2584 wird
1043 2553 1102 2584 der
1111 2551 1328 2585 Unterschied
1342 2552 1455 2584 beider
1471 2550 1614 2584 Wb'rter
